time,bid,ask,last,volume,time_msc,flags,volume_real,jst
2025-01-24 15:00:00.188000+00:00,40550.0,40559.0,0.0,0,1737738000188,1158,0.0,2025-01-25 00:00:00.188000+09:00
2025-01-24 15:00:00.485000+00:00,40545.0,40554.0,0.0,0,1737738000485,1158,0.0,2025-01-25 00:00:00.485000+09:00
2025-01-24 15:00:00.687000+00:00,40547.0,40556.0,0.0,0,1737738000687,1158,0.0,2025-01-25 00:00:00.687000+09:00
2025-01-24 15:00:00.887000+00:00,40550.0,40559.0,0.0,0,1737738000887,1158,0.0,2025-01-25 00:00:00.887000+09:00
2025-01-24 15:00:00.985000+00:00,40552.0,40561.0,0.0,0,1737738000985,1158,0.0,2025-01-25 00:00:00.985000+09:00
2025-01-24 15:00:01.087000+00:00,40547.0,40556.0,0.0,0,1737738001087,1158,0.0,2025-01-25 00:00:01.087000+09:00
2025-01-24 15:00:01.185000+00:00,40545.0,40554.0,0.0,0,1737738001185,1158,0.0,2025-01-25 00:00:01.185000+09:00
2025-01-24 15:00:01.887000+00:00,40547.0,40556.0,0.0,0,1737738001887,1158,0.0,2025-01-25 00:00:01.887000+09:00
2025-01-24 15:00:03.090000+00:00,40545.0,40554.0,0.0,0,1737738003090,1158,0.0,2025-01-25 00:00:03.090000+09:00
2025-01-24 15:00:03.188000+00:00,40550.0,40559.0,0.0,0,1737738003188,1158,0.0,2025-01-25 00:00:03.188000+09:00
2025-01-24 15:00:03.489000+00:00,40545.0,40554.0,0.0,0,1737738003489,1158,0.0,2025-01-25 00:00:03.489000+09:00
2025-01-24 15:00:05.091000+00:00,40547.0,40556.0,0.0,0,1737738005091,1158,0.0,2025-01-25 00:00:05.091000+09:00
2025-01-24 15:00:05.191000+00:00,40545.0,40554.0,0.0,0,1737738005191,1158,0.0,2025-01-25 00:00:05.191000+09:00
2025-01-24 15:00:05.692000+00:00,40547.0,40556.0,0.0,0,1737738005692,1158,0.0,2025-01-25 00:00:05.692000+09:00
2025-01-24 15:00:05.892000+00:00,40545.0,40554.0,0.0,0,1737738005892,1158,0.0,2025-01-25 00:00:05.892000+09:00
2025-01-24 15:00:10.297000+00:00,40550.0,40559.0,0.0,0,1737738010297,1158,0.0,2025-01-25 00:00:10.297000+09:00
2025-01-24 15:00:10.696000+00:00,40545.0,40554.0,0.0,0,1737738010696,1158,0.0,2025-01-25 00:00:10.696000+09:00
2025-01-24 15:00:11.495000+00:00,40547.0,40556.0,0.0,0,1737738011495,1158,0.0,2025-01-25 00:00:11.495000+09:00
2025-01-24 15:00:11.597000+00:00,40550.0,40559.0,0.0,0,1737738011597,1158,0.0,2025-01-25 00:00:11.597000+09:00
2025-01-24 15:00:11.796000+00:00,40547.0,40556.0,0.0,0,1737738011796,1158,0.0,2025-01-25 00:00:11.796000+09:00
2025-01-24 15:00:11.896000+00:00,40545.0,40554.0,0.0,0,1737738011896,1158,0.0,2025-01-25 00:00:11.896000+09:00
2025-01-24 15:00:13.294000+00:00,40547.0,40556.0,0.0,0,1737738013294,1158,0.0,2025-01-25 00:00:13.294000+09:00
2025-01-24 15:00:13.495000+00:00,40545.0,40554.0,0.0,0,1737738013495,1158,0.0,2025-01-25 00:00:13.495000+09:00
2025-01-24 15:00:13.796000+00:00,40550.0,40559.0,0.0,0,1737738013796,1158,0.0,2025-01-25 00:00:13.796000+09:00
2025-01-24 15:00:14.796000+00:00,40552.0,40561.0,0.0,0,1737738014796,1158,0.0,2025-01-25 00:00:14.796000+09:00
2025-01-24 15:00:14.896000+00:00,40555.0,40564.0,0.0,0,1737738014896,1158,0.0,2025-01-25 00:00:14.896000+09:00
2025-01-24 15:00:15.095000+00:00,40552.0,40561.0,0.0,0,1737738015095,1158,0.0,2025-01-25 00:00:15.095000+09:00
2025-01-24 15:00:15.195000+00:00,40555.0,40564.0,0.0,0,1737738015195,1158,0.0,2025-01-25 00:00:15.195000+09:00
2025-01-24 15:00:16.296000+00:00,40557.0,40566.0,0.0,0,1737738016296,1158,0.0,2025-01-25 00:00:16.296000+09:00
2025-01-24 15:00:17.097000+00:00,40560.0,40569.0,0.0,0,1737738017097,1158,0.0,2025-01-25 00:00:17.097000+09:00
2025-01-24 15:00:17.397000+00:00,40557.0,40566.0,0.0,0,1737738017397,1158,0.0,2025-01-25 00:00:17.397000+09:00
2025-01-24 15:00:17.798000+00:00,40560.0,40569.0,0.0,0,1737738017798,1158,0.0,2025-01-25 00:00:17.798000+09:00
2025-01-24 15:00:18.498000+00:00,40557.0,40566.0,0.0,0,1737738018498,1158,0.0,2025-01-25 00:00:18.498000+09:00
2025-01-24 15:00:18.898000+00:00,40560.0,40569.0,0.0,0,1737738018898,1158,0.0,2025-01-25 00:00:18.898000+09:00
2025-01-24 15:00:19.599000+00:00,40557.0,40566.0,0.0,0,1737738019599,1158,0.0,2025-01-25 00:00:19.599000+09:00
2025-01-24 15:00:19.698000+00:00,40560.0,40569.0,0.0,0,1737738019698,1158,0.0,2025-01-25 00:00:19.698000+09:00
2025-01-24 15:00:19.998000+00:00,40557.0,40566.0,0.0,0,1737738019998,1158,0.0,2025-01-25 00:00:19.998000+09:00
2025-01-24 15:00:20.802000+00:00,40560.0,40569.0,0.0,0,1737738020802,1158,0.0,2025-01-25 00:00:20.802000+09:00
2025-01-24 15:00:21.202000+00:00,40557.0,40566.0,0.0,0,1737738021202,1158,0.0,2025-01-25 00:00:21.202000+09:00
2025-01-24 15:00:21.300000+00:00,40560.0,40569.0,0.0,0,1737738021300,1158,0.0,2025-01-25 00:00:21.300000+09:00
2025-01-24 15:00:22.800000+00:00,40562.0,40571.0,0.0,0,1737738022800,1158,0.0,2025-01-25 00:00:22.800000+09:00
2025-01-24 15:00:22.901000+00:00,40565.0,40574.0,0.0,0,1737738022901,1158,0.0,2025-01-25 00:00:22.901000+09:00
2025-01-24 15:00:23+00:00,40562.0,40571.0,0.0,0,1737738023000,1158,0.0,2025-01-25 00:00:23+09:00
2025-01-24 15:00:23.099000+00:00,40560.0,40569.0,0.0,0,1737738023099,1158,0.0,2025-01-25 00:00:23.099000+09:00
2025-01-24 15:00:23.200000+00:00,40557.0,40566.0,0.0,0,1737738023200,1158,0.0,2025-01-25 00:00:23.200000+09:00
2025-01-24 15:00:24.200000+00:00,40560.0,40569.0,0.0,0,1737738024200,1158,0.0,2025-01-25 00:00:24.200000+09:00
2025-01-24 15:00:24.401000+00:00,40562.0,40571.0,0.0,0,1737738024401,1158,0.0,2025-01-25 00:00:24.401000+09:00
2025-01-24 15:00:25.204000+00:00,40560.0,40569.0,0.0,0,1737738025204,1158,0.0,2025-01-25 00:00:25.204000+09:00
2025-01-24 15:00:26.209000+00:00,40562.0,40571.0,0.0,0,1737738026209,1158,0.0,2025-01-25 00:00:26.209000+09:00
2025-01-24 15:00:28.307000+00:00,40565.0,40574.0,0.0,0,1737738028307,1158,0.0,2025-01-25 00:00:28.307000+09:00
2025-01-24 15:00:28.607000+00:00,40562.0,40571.0,0.0,0,1737738028607,1158,0.0,2025-01-25 00:00:28.607000+09:00
2025-01-24 15:00:28.906000+00:00,40560.0,40569.0,0.0,0,1737738028906,1158,0.0,2025-01-25 00:00:28.906000+09:00
2025-01-24 15:00:30.006000+00:00,40557.0,40566.0,0.0,0,1737738030006,1158,0.0,2025-01-25 00:00:30.006000+09:00
2025-01-24 15:00:30.205000+00:00,40555.0,40564.0,0.0,0,1737738030205,1158,0.0,2025-01-25 00:00:30.205000+09:00
2025-01-24 15:00:30.807000+00:00,40552.0,40561.0,0.0,0,1737738030807,1158,0.0,2025-01-25 00:00:30.807000+09:00
2025-01-24 15:00:31.308000+00:00,40550.0,40559.0,0.0,0,1737738031308,1158,0.0,2025-01-25 00:00:31.308000+09:00
2025-01-24 15:00:31.405000+00:00,40547.0,40556.0,0.0,0,1737738031405,1158,0.0,2025-01-25 00:00:31.405000+09:00
2025-01-24 15:00:32.607000+00:00,40550.0,40559.0,0.0,0,1737738032607,1158,0.0,2025-01-25 00:00:32.607000+09:00
2025-01-24 15:00:32.708000+00:00,40547.0,40556.0,0.0,0,1737738032708,1158,0.0,2025-01-25 00:00:32.708000+09:00
2025-01-24 15:00:34.406000+00:00,40550.0,40559.0,0.0,0,1737738034406,1158,0.0,2025-01-25 00:00:34.406000+09:00
2025-01-24 15:00:34.807000+00:00,40552.0,40561.0,0.0,0,1737738034807,1158,0.0,2025-01-25 00:00:34.807000+09:00
2025-01-24 15:00:34.905000+00:00,40550.0,40559.0,0.0,0,1737738034905,1158,0.0,2025-01-25 00:00:34.905000+09:00
2025-01-24 15:00:35.007000+00:00,40552.0,40561.0,0.0,0,1737738035007,1158,0.0,2025-01-25 00:00:35.007000+09:00
2025-01-24 15:00:35.307000+00:00,40555.0,40564.0,0.0,0,1737738035307,1158,0.0,2025-01-25 00:00:35.307000+09:00
2025-01-24 15:00:35.605000+00:00,40552.0,40561.0,0.0,0,1737738035605,1158,0.0,2025-01-25 00:00:35.605000+09:00
2025-01-24 15:00:35.807000+00:00,40555.0,40564.0,0.0,0,1737738035807,1158,0.0,2025-01-25 00:00:35.807000+09:00
2025-01-24 15:00:35.906000+00:00,40552.0,40561.0,0.0,0,1737738035906,1158,0.0,2025-01-25 00:00:35.906000+09:00
2025-01-24 15:00:36.607000+00:00,40550.0,40559.0,0.0,0,1737738036607,1158,0.0,2025-01-25 00:00:36.607000+09:00
2025-01-24 15:00:37.108000+00:00,40552.0,40561.0,0.0,0,1737738037108,1158,0.0,2025-01-25 00:00:37.108000+09:00
2025-01-24 15:00:40.706000+00:00,40547.0,40556.0,0.0,0,1737738040706,1158,0.0,2025-01-25 00:00:40.706000+09:00
2025-01-24 15:00:41.409000+00:00,40550.0,40559.0,0.0,0,1737738041409,1158,0.0,2025-01-25 00:00:41.409000+09:00
2025-01-24 15:00:41.708000+00:00,40552.0,40561.0,0.0,0,1737738041708,1158,0.0,2025-01-25 00:00:41.708000+09:00
2025-01-24 15:00:41.808000+00:00,40555.0,40564.0,0.0,0,1737738041808,1158,0.0,2025-01-25 00:00:41.808000+09:00
2025-01-24 15:00:42.009000+00:00,40552.0,40561.0,0.0,0,1737738042009,1158,0.0,2025-01-25 00:00:42.009000+09:00
2025-01-24 15:00:42.108000+00:00,40555.0,40564.0,0.0,0,1737738042108,1158,0.0,2025-01-25 00:00:42.108000+09:00
2025-01-24 15:00:42.509000+00:00,40557.0,40566.0,0.0,0,1737738042509,1158,0.0,2025-01-25 00:00:42.509000+09:00
2025-01-24 15:00:42.608000+00:00,40555.0,40564.0,0.0,0,1737738042608,1158,0.0,2025-01-25 00:00:42.608000+09:00
2025-01-24 15:00:42.808000+00:00,40557.0,40566.0,0.0,0,1737738042808,1158,0.0,2025-01-25 00:00:42.808000+09:00
2025-01-24 15:00:43.007000+00:00,40555.0,40564.0,0.0,0,1737738043007,1158,0.0,2025-01-25 00:00:43.007000+09:00
2025-01-24 15:00:45.106000+00:00,40552.0,40561.0,0.0,0,1737738045106,1158,0.0,2025-01-25 00:00:45.106000+09:00
2025-01-24 15:00:45.207000+00:00,40550.0,40559.0,0.0,0,1737738045207,1158,0.0,2025-01-25 00:00:45.207000+09:00
2025-01-24 15:00:46.508000+00:00,40552.0,40561.0,0.0,0,1737738046508,1158,0.0,2025-01-25 00:00:46.508000+09:00
2025-01-24 15:00:47.406000+00:00,40550.0,40559.0,0.0,0,1737738047406,1158,0.0,2025-01-25 00:00:47.406000+09:00
2025-01-24 15:00:47.606000+00:00,40547.0,40556.0,0.0,0,1737738047606,1158,0.0,2025-01-25 00:00:47.606000+09:00
2025-01-24 15:00:48.709000+00:00,40552.0,40561.0,0.0,0,1737738048709,1158,0.0,2025-01-25 00:00:48.709000+09:00
2025-01-24 15:00:49.308000+00:00,40550.0,40559.0,0.0,0,1737738049308,1158,0.0,2025-01-25 00:00:49.308000+09:00
2025-01-24 15:00:49.709000+00:00,40552.0,40561.0,0.0,0,1737738049709,1158,0.0,2025-01-25 00:00:49.709000+09:00
2025-01-24 15:00:52.608000+00:00,40555.0,40564.0,0.0,0,1737738052608,1158,0.0,2025-01-25 00:00:52.608000+09:00
2025-01-24 15:00:52.911000+00:00,40557.0,40566.0,0.0,0,1737738052911,1158,0.0,2025-01-25 00:00:52.911000+09:00
2025-01-24 15:00:53.111000+00:00,40560.0,40569.0,0.0,0,1737738053111,1158,0.0,2025-01-25 00:00:53.111000+09:00
2025-01-24 15:00:53.511000+00:00,40562.0,40571.0,0.0,0,1737738053511,1158,0.0,2025-01-25 00:00:53.511000+09:00
2025-01-24 15:00:53.811000+00:00,40565.0,40574.0,0.0,0,1737738053811,1158,0.0,2025-01-25 00:00:53.811000+09:00
2025-01-24 15:00:55.013000+00:00,40567.0,40576.0,0.0,0,1737738055013,1158,0.0,2025-01-25 00:00:55.013000+09:00
2025-01-24 15:00:55.113000+00:00,40565.0,40574.0,0.0,0,1737738055113,1158,0.0,2025-01-25 00:00:55.113000+09:00
2025-01-24 15:00:56.214000+00:00,40567.0,40576.0,0.0,0,1737738056214,1158,0.0,2025-01-25 00:00:56.214000+09:00
2025-01-24 15:00:58.220000+00:00,40570.0,40579.0,0.0,0,1737738058220,1158,0.0,2025-01-25 00:00:58.220000+09:00
2025-01-24 15:00:58.518000+00:00,40567.0,40576.0,0.0,0,1737738058518,1158,0.0,2025-01-25 00:00:58.518000+09:00
2025-01-24 15:00:58.818000+00:00,40565.0,40574.0,0.0,0,1737738058818,1158,0.0,2025-01-25 00:00:58.818000+09:00
2025-01-24 15:00:59.118000+00:00,40567.0,40576.0,0.0,0,1737738059118,1158,0.0,2025-01-25 00:00:59.118000+09:00
2025-01-24 15:00:59.219000+00:00,40565.0,40574.0,0.0,0,1737738059219,1158,0.0,2025-01-25 00:00:59.219000+09:00
2025-01-24 15:00:59.718000+00:00,40562.0,40571.0,0.0,0,1737738059718,1158,0.0,2025-01-25 00:00:59.718000+09:00
2025-01-24 15:00:59.917000+00:00,40565.0,40574.0,0.0,0,1737738059917,1158,0.0,2025-01-25 00:00:59.917000+09:00
2025-01-24 15:01:00.119000+00:00,40567.0,40576.0,0.0,0,1737738060119,1158,0.0,2025-01-25 00:01:00.119000+09:00
2025-01-24 15:01:00.220000+00:00,40562.0,40571.0,0.0,0,1737738060220,1158,0.0,2025-01-25 00:01:00.220000+09:00
2025-01-24 15:01:02.222000+00:00,40567.0,40576.0,0.0,0,1737738062222,1158,0.0,2025-01-25 00:01:02.222000+09:00
2025-01-24 15:01:02.722000+00:00,40565.0,40574.0,0.0,0,1737738062722,1158,0.0,2025-01-25 00:01:02.722000+09:00
2025-01-24 15:01:03.723000+00:00,40562.0,40571.0,0.0,0,1737738063723,1158,0.0,2025-01-25 00:01:03.723000+09:00
2025-01-24 15:01:03.824000+00:00,40560.0,40569.0,0.0,0,1737738063824,1158,0.0,2025-01-25 00:01:03.824000+09:00
2025-01-24 15:01:04.222000+00:00,40557.0,40566.0,0.0,0,1737738064222,1158,0.0,2025-01-25 00:01:04.222000+09:00
2025-01-24 15:01:04.821000+00:00,40560.0,40569.0,0.0,0,1737738064821,1158,0.0,2025-01-25 00:01:04.821000+09:00
2025-01-24 15:01:05.124000+00:00,40557.0,40566.0,0.0,0,1737738065124,1158,0.0,2025-01-25 00:01:05.124000+09:00
2025-01-24 15:01:06.323000+00:00,40562.0,40571.0,0.0,0,1737738066323,1158,0.0,2025-01-25 00:01:06.323000+09:00
2025-01-24 15:01:06.824000+00:00,40560.0,40569.0,0.0,0,1737738066824,1158,0.0,2025-01-25 00:01:06.824000+09:00
2025-01-24 15:01:07.024000+00:00,40557.0,40566.0,0.0,0,1737738067024,1158,0.0,2025-01-25 00:01:07.024000+09:00
2025-01-24 15:01:09.426000+00:00,40555.0,40564.0,0.0,0,1737738069426,1158,0.0,2025-01-25 00:01:09.426000+09:00
2025-01-24 15:01:09.524000+00:00,40557.0,40566.0,0.0,0,1737738069524,1158,0.0,2025-01-25 00:01:09.524000+09:00
2025-01-24 15:01:10.126000+00:00,40560.0,40569.0,0.0,0,1737738070126,1158,0.0,2025-01-25 00:01:10.126000+09:00
2025-01-24 15:01:10.524000+00:00,40557.0,40566.0,0.0,0,1737738070524,1158,0.0,2025-01-25 00:01:10.524000+09:00
2025-01-24 15:01:11.226000+00:00,40560.0,40569.0,0.0,0,1737738071226,1158,0.0,2025-01-25 00:01:11.226000+09:00
2025-01-24 15:01:12.823000+00:00,40562.0,40571.0,0.0,0,1737738072823,1158,0.0,2025-01-25 00:01:12.823000+09:00
2025-01-24 15:01:13.125000+00:00,40560.0,40569.0,0.0,0,1737738073125,1158,0.0,2025-01-25 00:01:13.125000+09:00
2025-01-24 15:01:14.626000+00:00,40557.0,40566.0,0.0,0,1737738074626,1158,0.0,2025-01-25 00:01:14.626000+09:00
2025-01-24 15:01:14.827000+00:00,40560.0,40569.0,0.0,0,1737738074827,1158,0.0,2025-01-25 00:01:14.827000+09:00
2025-01-24 15:01:15.126000+00:00,40562.0,40571.0,0.0,0,1737738075126,1158,0.0,2025-01-25 00:01:15.126000+09:00
2025-01-24 15:01:16.128000+00:00,40560.0,40569.0,0.0,0,1737738076128,1158,0.0,2025-01-25 00:01:16.128000+09:00
2025-01-24 15:01:16.427000+00:00,40557.0,40566.0,0.0,0,1737738076427,1158,0.0,2025-01-25 00:01:16.427000+09:00
2025-01-24 15:01:16.526000+00:00,40560.0,40569.0,0.0,0,1737738076526,1158,0.0,2025-01-25 00:01:16.526000+09:00
2025-01-24 15:01:17.028000+00:00,40557.0,40566.0,0.0,0,1737738077028,1158,0.0,2025-01-25 00:01:17.028000+09:00
2025-01-24 15:01:17.130000+00:00,40560.0,40569.0,0.0,0,1737738077130,1158,0.0,2025-01-25 00:01:17.130000+09:00
2025-01-24 15:01:17.430000+00:00,40562.0,40571.0,0.0,0,1737738077430,1158,0.0,2025-01-25 00:01:17.430000+09:00
2025-01-24 15:01:17.728000+00:00,40560.0,40569.0,0.0,0,1737738077728,1158,0.0,2025-01-25 00:01:17.728000+09:00
2025-01-24 15:01:18.130000+00:00,40562.0,40571.0,0.0,0,1737738078130,1158,0.0,2025-01-25 00:01:18.130000+09:00
2025-01-24 15:01:18.729000+00:00,40560.0,40569.0,0.0,0,1737738078729,1158,0.0,2025-01-25 00:01:18.729000+09:00
2025-01-24 15:01:18.829000+00:00,40562.0,40571.0,0.0,0,1737738078829,1158,0.0,2025-01-25 00:01:18.829000+09:00
2025-01-24 15:01:19.028000+00:00,40557.0,40566.0,0.0,0,1737738079028,1158,0.0,2025-01-25 00:01:19.028000+09:00
2025-01-24 15:01:19.329000+00:00,40560.0,40569.0,0.0,0,1737738079329,1158,0.0,2025-01-25 00:01:19.329000+09:00
2025-01-24 15:01:20.029000+00:00,40557.0,40566.0,0.0,0,1737738080029,1158,0.0,2025-01-25 00:01:20.029000+09:00
2025-01-24 15:01:20.228000+00:00,40560.0,40569.0,0.0,0,1737738080228,1158,0.0,2025-01-25 00:01:20.228000+09:00
2025-01-24 15:01:21.229000+00:00,40557.0,40566.0,0.0,0,1737738081229,1158,0.0,2025-01-25 00:01:21.229000+09:00
2025-01-24 15:01:28.134000+00:00,40560.0,40569.0,0.0,0,1737738088134,1158,0.0,2025-01-25 00:01:28.134000+09:00
2025-01-24 15:01:28.337000+00:00,40562.0,40571.0,0.0,0,1737738088337,1158,0.0,2025-01-25 00:01:28.337000+09:00
2025-01-24 15:01:28.735000+00:00,40565.0,40574.0,0.0,0,1737738088735,1158,0.0,2025-01-25 00:01:28.735000+09:00
2025-01-24 15:01:30.134000+00:00,40562.0,40571.0,0.0,0,1737738090134,1158,0.0,2025-01-25 00:01:30.134000+09:00
2025-01-24 15:01:30.634000+00:00,40560.0,40569.0,0.0,0,1737738090634,1158,0.0,2025-01-25 00:01:30.634000+09:00
2025-01-24 15:01:30.836000+00:00,40562.0,40571.0,0.0,0,1737738090836,1158,0.0,2025-01-25 00:01:30.836000+09:00
2025-01-24 15:01:31.435000+00:00,40560.0,40569.0,0.0,0,1737738091435,1158,0.0,2025-01-25 00:01:31.435000+09:00
2025-01-24 15:01:31.836000+00:00,40562.0,40571.0,0.0,0,1737738091836,1158,0.0,2025-01-25 00:01:31.836000+09:00
2025-01-24 15:01:32.135000+00:00,40560.0,40569.0,0.0,0,1737738092135,1158,0.0,2025-01-25 00:01:32.135000+09:00
2025-01-24 15:01:32.234000+00:00,40562.0,40571.0,0.0,0,1737738092234,1158,0.0,2025-01-25 00:01:32.234000+09:00
2025-01-24 15:01:33.435000+00:00,40560.0,40569.0,0.0,0,1737738093435,1158,0.0,2025-01-25 00:01:33.435000+09:00
2025-01-24 15:01:34.333000+00:00,40557.0,40566.0,0.0,0,1737738094333,1158,0.0,2025-01-25 00:01:34.333000+09:00
2025-01-24 15:01:34.533000+00:00,40560.0,40569.0,0.0,0,1737738094533,1158,0.0,2025-01-25 00:01:34.533000+09:00
2025-01-24 15:01:35.437000+00:00,40562.0,40571.0,0.0,0,1737738095437,1158,0.0,2025-01-25 00:01:35.437000+09:00
2025-01-24 15:01:35.936000+00:00,40560.0,40569.0,0.0,0,1737738095936,1158,0.0,2025-01-25 00:01:35.936000+09:00
2025-01-24 15:01:36.336000+00:00,40562.0,40571.0,0.0,0,1737738096336,1158,0.0,2025-01-25 00:01:36.336000+09:00
2025-01-24 15:01:38.139000+00:00,40565.0,40574.0,0.0,0,1737738098139,1158,0.0,2025-01-25 00:01:38.139000+09:00
2025-01-24 15:01:38.341000+00:00,40570.0,40579.0,0.0,0,1737738098341,1158,0.0,2025-01-25 00:01:38.341000+09:00
2025-01-24 15:01:38.440000+00:00,40572.0,40581.0,0.0,0,1737738098440,1158,0.0,2025-01-25 00:01:38.440000+09:00
2025-01-24 15:01:38.541000+00:00,40575.0,40584.0,0.0,0,1737738098541,1158,0.0,2025-01-25 00:01:38.541000+09:00
2025-01-24 15:01:38.839000+00:00,40577.0,40586.0,0.0,0,1737738098839,1158,0.0,2025-01-25 00:01:38.839000+09:00
2025-01-24 15:01:39.340000+00:00,40580.0,40589.0,0.0,0,1737738099340,1158,0.0,2025-01-25 00:01:39.340000+09:00
2025-01-24 15:01:39.542000+00:00,40577.0,40586.0,0.0,0,1737738099542,1158,0.0,2025-01-25 00:01:39.542000+09:00
2025-01-24 15:01:39.940000+00:00,40580.0,40589.0,0.0,0,1737738099940,1158,0.0,2025-01-25 00:01:39.940000+09:00
2025-01-24 15:01:40.341000+00:00,40577.0,40586.0,0.0,0,1737738100341,1158,0.0,2025-01-25 00:01:40.341000+09:00
2025-01-24 15:01:43.442000+00:00,40580.0,40589.0,0.0,0,1737738103442,1158,0.0,2025-01-25 00:01:43.442000+09:00
2025-01-24 15:01:43.542000+00:00,40577.0,40586.0,0.0,0,1737738103542,1158,0.0,2025-01-25 00:01:43.542000+09:00
2025-01-24 15:01:43.942000+00:00,40580.0,40589.0,0.0,0,1737738103942,1158,0.0,2025-01-25 00:01:43.942000+09:00
2025-01-24 15:01:44.243000+00:00,40577.0,40586.0,0.0,0,1737738104243,1158,0.0,2025-01-25 00:01:44.243000+09:00
2025-01-24 15:01:50.148000+00:00,40582.0,40591.0,0.0,0,1737738110148,1158,0.0,2025-01-25 00:01:50.148000+09:00
2025-01-24 15:01:50.248000+00:00,40577.0,40586.0,0.0,0,1737738110248,1158,0.0,2025-01-25 00:01:50.248000+09:00
2025-01-24 15:01:52.850000+00:00,40575.0,40584.0,0.0,0,1737738112850,1158,0.0,2025-01-25 00:01:52.850000+09:00
2025-01-24 15:01:52.951000+00:00,40572.0,40581.0,0.0,0,1737738112951,1158,0.0,2025-01-25 00:01:52.951000+09:00
2025-01-24 15:01:53.050000+00:00,40567.0,40576.0,0.0,0,1737738113050,1158,0.0,2025-01-25 00:01:53.050000+09:00
2025-01-24 15:01:53.250000+00:00,40570.0,40579.0,0.0,0,1737738113250,1158,0.0,2025-01-25 00:01:53.250000+09:00
2025-01-24 15:01:55.359000+00:00,40572.0,40581.0,0.0,0,1737738115359,1158,0.0,2025-01-25 00:01:55.359000+09:00
2025-01-24 15:01:56.059000+00:00,40570.0,40579.0,0.0,0,1737738116059,1158,0.0,2025-01-25 00:01:56.059000+09:00
2025-01-24 15:01:56.259000+00:00,40572.0,40581.0,0.0,0,1737738116259,1158,0.0,2025-01-25 00:01:56.259000+09:00
2025-01-24 15:01:56.559000+00:00,40570.0,40579.0,0.0,0,1737738116559,1158,0.0,2025-01-25 00:01:56.559000+09:00
2025-01-24 15:01:57.559000+00:00,40572.0,40581.0,0.0,0,1737738117559,1158,0.0,2025-01-25 00:01:57.559000+09:00
2025-01-24 15:01:58.958000+00:00,40570.0,40579.0,0.0,0,1737738118958,1158,0.0,2025-01-25 00:01:58.958000+09:00
2025-01-24 15:01:59.559000+00:00,40567.0,40576.0,0.0,0,1737738119559,1158,0.0,2025-01-25 00:01:59.559000+09:00
2025-01-24 15:02:02.263000+00:00,40562.0,40571.0,0.0,0,1737738122263,1158,0.0,2025-01-25 00:02:02.263000+09:00
2025-01-24 15:02:02.363000+00:00,40560.0,40569.0,0.0,0,1737738122363,1158,0.0,2025-01-25 00:02:02.363000+09:00
2025-01-24 15:02:03.563000+00:00,40557.0,40566.0,0.0,0,1737738123563,1158,0.0,2025-01-25 00:02:03.563000+09:00
2025-01-24 15:02:03.661000+00:00,40560.0,40569.0,0.0,0,1737738123661,1158,0.0,2025-01-25 00:02:03.661000+09:00
2025-01-24 15:02:03.760000+00:00,40557.0,40566.0,0.0,0,1737738123760,1158,0.0,2025-01-25 00:02:03.760000+09:00
2025-01-24 15:02:04.163000+00:00,40560.0,40569.0,0.0,0,1737738124163,1158,0.0,2025-01-25 00:02:04.163000+09:00
2025-01-24 15:02:04.263000+00:00,40562.0,40571.0,0.0,0,1737738124263,1158,0.0,2025-01-25 00:02:04.263000+09:00
2025-01-24 15:02:05.462000+00:00,40565.0,40574.0,0.0,0,1737738125462,1158,0.0,2025-01-25 00:02:05.462000+09:00
2025-01-24 15:02:06.062000+00:00,40562.0,40571.0,0.0,0,1737738126062,1158,0.0,2025-01-25 00:02:06.062000+09:00
2025-01-24 15:02:06.260000+00:00,40565.0,40574.0,0.0,0,1737738126260,1158,0.0,2025-01-25 00:02:06.260000+09:00
2025-01-24 15:02:06.361000+00:00,40562.0,40571.0,0.0,0,1737738126361,1158,0.0,2025-01-25 00:02:06.361000+09:00
2025-01-24 15:02:06.962000+00:00,40560.0,40569.0,0.0,0,1737738126962,1158,0.0,2025-01-25 00:02:06.962000+09:00
2025-01-24 15:02:07.060000+00:00,40557.0,40566.0,0.0,0,1737738127060,1158,0.0,2025-01-25 00:02:07.060000+09:00
2025-01-24 15:02:08.362000+00:00,40555.0,40564.0,0.0,0,1737738128362,1158,0.0,2025-01-25 00:02:08.362000+09:00
2025-01-24 15:02:08.863000+00:00,40552.0,40561.0,0.0,0,1737738128863,1158,0.0,2025-01-25 00:02:08.863000+09:00
2025-01-24 15:02:08.962000+00:00,40555.0,40564.0,0.0,0,1737738128962,1158,0.0,2025-01-25 00:02:08.962000+09:00
2025-01-24 15:02:10.262000+00:00,40552.0,40561.0,0.0,0,1737738130262,1158,0.0,2025-01-25 00:02:10.262000+09:00
2025-01-24 15:02:10.463000+00:00,40550.0,40559.0,0.0,0,1737738130463,1158,0.0,2025-01-25 00:02:10.463000+09:00
2025-01-24 15:02:10.564000+00:00,40547.0,40556.0,0.0,0,1737738130564,1158,0.0,2025-01-25 00:02:10.564000+09:00
2025-01-24 15:02:11.865000+00:00,40545.0,40554.0,0.0,0,1737738131865,1158,0.0,2025-01-25 00:02:11.865000+09:00
2025-01-24 15:02:11.965000+00:00,40547.0,40556.0,0.0,0,1737738131965,1158,0.0,2025-01-25 00:02:11.965000+09:00
2025-01-24 15:02:12.065000+00:00,40545.0,40554.0,0.0,0,1737738132065,1158,0.0,2025-01-25 00:02:12.065000+09:00
2025-01-24 15:02:12.365000+00:00,40547.0,40556.0,0.0,0,1737738132365,1158,0.0,2025-01-25 00:02:12.365000+09:00
2025-01-24 15:02:12.664000+00:00,40545.0,40554.0,0.0,0,1737738132664,1158,0.0,2025-01-25 00:02:12.664000+09:00
2025-01-24 15:02:13.365000+00:00,40547.0,40556.0,0.0,0,1737738133365,1158,0.0,2025-01-25 00:02:13.365000+09:00
2025-01-24 15:02:15.065000+00:00,40550.0,40559.0,0.0,0,1737738135065,1158,0.0,2025-01-25 00:02:15.065000+09:00
2025-01-24 15:02:15.166000+00:00,40552.0,40561.0,0.0,0,1737738135166,1158,0.0,2025-01-25 00:02:15.166000+09:00
2025-01-24 15:02:15.565000+00:00,40550.0,40559.0,0.0,0,1737738135565,1158,0.0,2025-01-25 00:02:15.565000+09:00
2025-01-24 15:02:15.766000+00:00,40547.0,40556.0,0.0,0,1737738135766,1158,0.0,2025-01-25 00:02:15.766000+09:00
2025-01-24 15:02:16.467000+00:00,40545.0,40554.0,0.0,0,1737738136467,1158,0.0,2025-01-25 00:02:16.467000+09:00
2025-01-24 15:02:16.567000+00:00,40542.0,40551.0,0.0,0,1737738136567,1158,0.0,2025-01-25 00:02:16.567000+09:00
2025-01-24 15:02:16.968000+00:00,40545.0,40554.0,0.0,0,1737738136968,1158,0.0,2025-01-25 00:02:16.968000+09:00
2025-01-24 15:02:17.067000+00:00,40540.0,40549.0,0.0,0,1737738137067,1158,0.0,2025-01-25 00:02:17.067000+09:00
2025-01-24 15:02:17.369000+00:00,40542.0,40551.0,0.0,0,1737738137369,1158,0.0,2025-01-25 00:02:17.369000+09:00
2025-01-24 15:02:19.072000+00:00,40545.0,40554.0,0.0,0,1737738139072,1158,0.0,2025-01-25 00:02:19.072000+09:00
2025-01-24 15:02:19.971000+00:00,40542.0,40551.0,0.0,0,1737738139971,1158,0.0,2025-01-25 00:02:19.971000+09:00
2025-01-24 15:02:20.073000+00:00,40545.0,40554.0,0.0,0,1737738140073,1158,0.0,2025-01-25 00:02:20.073000+09:00
2025-01-24 15:02:20.370000+00:00,40542.0,40551.0,0.0,0,1737738140370,1158,0.0,2025-01-25 00:02:20.370000+09:00
2025-01-24 15:02:22.272000+00:00,40545.0,40554.0,0.0,0,1737738142272,1158,0.0,2025-01-25 00:02:22.272000+09:00
2025-01-24 15:02:22.973000+00:00,40547.0,40556.0,0.0,0,1737738142973,1158,0.0,2025-01-25 00:02:22.973000+09:00
2025-01-24 15:02:23.573000+00:00,40552.0,40561.0,0.0,0,1737738143573,1158,0.0,2025-01-25 00:02:23.573000+09:00
2025-01-24 15:02:24.476000+00:00,40555.0,40564.0,0.0,0,1737738144476,1158,0.0,2025-01-25 00:02:24.476000+09:00
2025-01-24 15:02:24.773000+00:00,40557.0,40566.0,0.0,0,1737738144773,1158,0.0,2025-01-25 00:02:24.773000+09:00
2025-01-24 15:02:25.278000+00:00,40560.0,40569.0,0.0,0,1737738145278,1158,0.0,2025-01-25 00:02:25.278000+09:00
2025-01-24 15:02:26.375000+00:00,40557.0,40566.0,0.0,0,1737738146375,1158,0.0,2025-01-25 00:02:26.375000+09:00
2025-01-24 15:02:27.076000+00:00,40560.0,40569.0,0.0,0,1737738147076,1158,0.0,2025-01-25 00:02:27.076000+09:00
2025-01-24 15:02:27.176000+00:00,40557.0,40566.0,0.0,0,1737738147176,1158,0.0,2025-01-25 00:02:27.176000+09:00
2025-01-24 15:02:27.477000+00:00,40560.0,40569.0,0.0,0,1737738147477,1158,0.0,2025-01-25 00:02:27.477000+09:00
2025-01-24 15:02:27.875000+00:00,40562.0,40571.0,0.0,0,1737738147875,1158,0.0,2025-01-25 00:02:27.875000+09:00
2025-01-24 15:02:28.276000+00:00,40560.0,40569.0,0.0,0,1737738148276,1158,0.0,2025-01-25 00:02:28.276000+09:00
2025-01-24 15:02:28.978000+00:00,40557.0,40566.0,0.0,0,1737738148978,1158,0.0,2025-01-25 00:02:28.978000+09:00
2025-01-24 15:02:30.879000+00:00,40560.0,40569.0,0.0,0,1737738150879,1158,0.0,2025-01-25 00:02:30.879000+09:00
2025-01-24 15:02:31.382000+00:00,40557.0,40566.0,0.0,0,1737738151382,1158,0.0,2025-01-25 00:02:31.382000+09:00
2025-01-24 15:02:32.881000+00:00,40555.0,40564.0,0.0,0,1737738152881,1158,0.0,2025-01-25 00:02:32.881000+09:00
2025-01-24 15:02:33.282000+00:00,40552.0,40561.0,0.0,0,1737738153282,1158,0.0,2025-01-25 00:02:33.282000+09:00
2025-01-24 15:02:33.582000+00:00,40550.0,40559.0,0.0,0,1737738153582,1158,0.0,2025-01-25 00:02:33.582000+09:00
2025-01-24 15:02:33.784000+00:00,40552.0,40561.0,0.0,0,1737738153784,1158,0.0,2025-01-25 00:02:33.784000+09:00
2025-01-24 15:02:33.884000+00:00,40550.0,40559.0,0.0,0,1737738153884,1158,0.0,2025-01-25 00:02:33.884000+09:00
2025-01-24 15:02:33.983000+00:00,40547.0,40556.0,0.0,0,1737738153983,1158,0.0,2025-01-25 00:02:33.983000+09:00
2025-01-24 15:02:34.582000+00:00,40550.0,40559.0,0.0,0,1737738154582,1158,0.0,2025-01-25 00:02:34.582000+09:00
2025-01-24 15:02:34.782000+00:00,40547.0,40556.0,0.0,0,1737738154782,1158,0.0,2025-01-25 00:02:34.782000+09:00
2025-01-24 15:02:35.183000+00:00,40550.0,40559.0,0.0,0,1737738155183,1158,0.0,2025-01-25 00:02:35.183000+09:00
2025-01-24 15:02:35.583000+00:00,40552.0,40561.0,0.0,0,1737738155583,1158,0.0,2025-01-25 00:02:35.583000+09:00
2025-01-24 15:02:40.189000+00:00,40555.0,40564.0,0.0,0,1737738160189,1158,0.0,2025-01-25 00:02:40.189000+09:00
2025-01-24 15:02:40.589000+00:00,40552.0,40561.0,0.0,0,1737738160589,1158,0.0,2025-01-25 00:02:40.589000+09:00
2025-01-24 15:02:41.691000+00:00,40555.0,40564.0,0.0,0,1737738161691,1158,0.0,2025-01-25 00:02:41.691000+09:00
2025-01-24 15:02:42.990000+00:00,40552.0,40561.0,0.0,0,1737738162990,1158,0.0,2025-01-25 00:02:42.990000+09:00
2025-01-24 15:02:43.995000+00:00,40555.0,40564.0,0.0,0,1737738163995,1158,0.0,2025-01-25 00:02:43.995000+09:00
2025-01-24 15:02:44.094000+00:00,40557.0,40566.0,0.0,0,1737738164094,1158,0.0,2025-01-25 00:02:44.094000+09:00
2025-01-24 15:02:44.194000+00:00,40555.0,40564.0,0.0,0,1737738164194,1158,0.0,2025-01-25 00:02:44.194000+09:00
2025-01-24 15:02:44.295000+00:00,40552.0,40561.0,0.0,0,1737738164295,1158,0.0,2025-01-25 00:02:44.295000+09:00
2025-01-24 15:02:44.896000+00:00,40550.0,40559.0,0.0,0,1737738164896,1158,0.0,2025-01-25 00:02:44.896000+09:00
2025-01-24 15:02:45.595000+00:00,40547.0,40556.0,0.0,0,1737738165595,1158,0.0,2025-01-25 00:02:45.595000+09:00
2025-01-24 15:02:46.496000+00:00,40545.0,40554.0,0.0,0,1737738166496,1158,0.0,2025-01-25 00:02:46.496000+09:00
2025-01-24 15:02:47.993000+00:00,40547.0,40556.0,0.0,0,1737738167993,1158,0.0,2025-01-25 00:02:47.993000+09:00
2025-01-24 15:02:51.497000+00:00,40545.0,40554.0,0.0,0,1737738171497,1158,0.0,2025-01-25 00:02:51.497000+09:00
2025-01-24 15:02:51.698000+00:00,40547.0,40556.0,0.0,0,1737738171698,1158,0.0,2025-01-25 00:02:51.698000+09:00
2025-01-24 15:02:53.200000+00:00,40550.0,40559.0,0.0,0,1737738173200,1158,0.0,2025-01-25 00:02:53.200000+09:00
2025-01-24 15:02:54.900000+00:00,40547.0,40556.0,0.0,0,1737738174900,1158,0.0,2025-01-25 00:02:54.900000+09:00
2025-01-24 15:02:55.600000+00:00,40550.0,40559.0,0.0,0,1737738175600,1158,0.0,2025-01-25 00:02:55.600000+09:00
2025-01-24 15:02:55.999000+00:00,40552.0,40561.0,0.0,0,1737738175999,1158,0.0,2025-01-25 00:02:55.999000+09:00
2025-01-24 15:02:57.302000+00:00,40555.0,40564.0,0.0,0,1737738177302,1158,0.0,2025-01-25 00:02:57.302000+09:00
2025-01-24 15:02:57.901000+00:00,40557.0,40566.0,0.0,0,1737738177901,1158,0.0,2025-01-25 00:02:57.901000+09:00
2025-01-24 15:02:58.205000+00:00,40555.0,40564.0,0.0,0,1737738178205,1158,0.0,2025-01-25 00:02:58.205000+09:00
2025-01-24 15:02:58.503000+00:00,40557.0,40566.0,0.0,0,1737738178503,1158,0.0,2025-01-25 00:02:58.503000+09:00
2025-01-24 15:02:58.605000+00:00,40555.0,40564.0,0.0,0,1737738178605,1158,0.0,2025-01-25 00:02:58.605000+09:00
2025-01-24 15:02:59.904000+00:00,40550.0,40559.0,0.0,0,1737738179904,1158,0.0,2025-01-25 00:02:59.904000+09:00
2025-01-24 15:03:00.404000+00:00,40547.0,40556.0,0.0,0,1737738180404,1158,0.0,2025-01-25 00:03:00.404000+09:00
2025-01-24 15:03:01.006000+00:00,40550.0,40559.0,0.0,0,1737738181006,1158,0.0,2025-01-25 00:03:01.006000+09:00
2025-01-24 15:03:01.207000+00:00,40547.0,40556.0,0.0,0,1737738181207,1158,0.0,2025-01-25 00:03:01.207000+09:00
2025-01-24 15:03:01.307000+00:00,40545.0,40554.0,0.0,0,1737738181307,1158,0.0,2025-01-25 00:03:01.307000+09:00
2025-01-24 15:03:01.706000+00:00,40547.0,40556.0,0.0,0,1737738181706,1158,0.0,2025-01-25 00:03:01.706000+09:00
2025-01-24 15:03:01.907000+00:00,40545.0,40554.0,0.0,0,1737738181907,1158,0.0,2025-01-25 00:03:01.907000+09:00
2025-01-24 15:03:02.008000+00:00,40547.0,40556.0,0.0,0,1737738182008,1158,0.0,2025-01-25 00:03:02.008000+09:00
2025-01-24 15:03:02.909000+00:00,40545.0,40554.0,0.0,0,1737738182909,1158,0.0,2025-01-25 00:03:02.909000+09:00
2025-01-24 15:03:03.006000+00:00,40542.0,40551.0,0.0,0,1737738183006,1158,0.0,2025-01-25 00:03:03.006000+09:00
2025-01-24 15:03:03.308000+00:00,40545.0,40554.0,0.0,0,1737738183308,1158,0.0,2025-01-25 00:03:03.308000+09:00
2025-01-24 15:03:03.407000+00:00,40547.0,40556.0,0.0,0,1737738183407,1158,0.0,2025-01-25 00:03:03.407000+09:00
2025-01-24 15:03:03.707000+00:00,40545.0,40554.0,0.0,0,1737738183707,1158,0.0,2025-01-25 00:03:03.707000+09:00
2025-01-24 15:03:03.910000+00:00,40542.0,40551.0,0.0,0,1737738183910,1158,0.0,2025-01-25 00:03:03.910000+09:00
2025-01-24 15:03:04.310000+00:00,40545.0,40554.0,0.0,0,1737738184310,1158,0.0,2025-01-25 00:03:04.310000+09:00
2025-01-24 15:03:04.510000+00:00,40547.0,40556.0,0.0,0,1737738184510,1158,0.0,2025-01-25 00:03:04.510000+09:00
2025-01-24 15:03:04.609000+00:00,40550.0,40559.0,0.0,0,1737738184609,1158,0.0,2025-01-25 00:03:04.609000+09:00
2025-01-24 15:03:04.808000+00:00,40547.0,40556.0,0.0,0,1737738184808,1158,0.0,2025-01-25 00:03:04.808000+09:00
2025-01-24 15:03:05.109000+00:00,40550.0,40559.0,0.0,0,1737738185109,1158,0.0,2025-01-25 00:03:05.109000+09:00
2025-01-24 15:03:05.208000+00:00,40552.0,40561.0,0.0,0,1737738185208,1158,0.0,2025-01-25 00:03:05.208000+09:00
2025-01-24 15:03:05.509000+00:00,40550.0,40559.0,0.0,0,1737738185509,1158,0.0,2025-01-25 00:03:05.509000+09:00
2025-01-24 15:03:05.909000+00:00,40552.0,40561.0,0.0,0,1737738185909,1158,0.0,2025-01-25 00:03:05.909000+09:00
2025-01-24 15:03:06.112000+00:00,40550.0,40559.0,0.0,0,1737738186112,1158,0.0,2025-01-25 00:03:06.112000+09:00
2025-01-24 15:03:07.211000+00:00,40552.0,40561.0,0.0,0,1737738187211,1158,0.0,2025-01-25 00:03:07.211000+09:00
2025-01-24 15:03:07.411000+00:00,40550.0,40559.0,0.0,0,1737738187411,1158,0.0,2025-01-25 00:03:07.411000+09:00
2025-01-24 15:03:07.713000+00:00,40552.0,40561.0,0.0,0,1737738187713,1158,0.0,2025-01-25 00:03:07.713000+09:00
2025-01-24 15:03:08.010000+00:00,40550.0,40559.0,0.0,0,1737738188010,1158,0.0,2025-01-25 00:03:08.010000+09:00
2025-01-24 15:03:09.715000+00:00,40547.0,40556.0,0.0,0,1737738189715,1158,0.0,2025-01-25 00:03:09.715000+09:00
2025-01-24 15:03:09.814000+00:00,40545.0,40554.0,0.0,0,1737738189814,1158,0.0,2025-01-25 00:03:09.814000+09:00
2025-01-24 15:03:09.914000+00:00,40547.0,40556.0,0.0,0,1737738189914,1158,0.0,2025-01-25 00:03:09.914000+09:00
2025-01-24 15:03:10.114000+00:00,40545.0,40554.0,0.0,0,1737738190114,1158,0.0,2025-01-25 00:03:10.114000+09:00
2025-01-24 15:03:10.215000+00:00,40542.0,40551.0,0.0,0,1737738190215,1158,0.0,2025-01-25 00:03:10.215000+09:00
2025-01-24 15:03:11.215000+00:00,40540.0,40549.0,0.0,0,1737738191215,1158,0.0,2025-01-25 00:03:11.215000+09:00
2025-01-24 15:03:11.615000+00:00,40537.0,40546.0,0.0,0,1737738191615,1158,0.0,2025-01-25 00:03:11.615000+09:00
2025-01-24 15:03:11.814000+00:00,40540.0,40549.0,0.0,0,1737738191814,1158,0.0,2025-01-25 00:03:11.814000+09:00
2025-01-24 15:03:11.914000+00:00,40537.0,40546.0,0.0,0,1737738191914,1158,0.0,2025-01-25 00:03:11.914000+09:00
2025-01-24 15:03:13.214000+00:00,40535.0,40544.0,0.0,0,1737738193214,1158,0.0,2025-01-25 00:03:13.214000+09:00
2025-01-24 15:03:14.815000+00:00,40532.0,40541.0,0.0,0,1737738194815,1158,0.0,2025-01-25 00:03:14.815000+09:00
2025-01-24 15:03:15.815000+00:00,40530.0,40539.0,0.0,0,1737738195815,1158,0.0,2025-01-25 00:03:15.815000+09:00
2025-01-24 15:03:15.914000+00:00,40527.0,40536.0,0.0,0,1737738195914,1158,0.0,2025-01-25 00:03:15.914000+09:00
2025-01-24 15:03:17.016000+00:00,40532.0,40541.0,0.0,0,1737738197016,1158,0.0,2025-01-25 00:03:17.016000+09:00
2025-01-24 15:03:17.513000+00:00,40530.0,40539.0,0.0,0,1737738197513,1158,0.0,2025-01-25 00:03:17.513000+09:00
2025-01-24 15:03:17.611000+00:00,40532.0,40541.0,0.0,0,1737738197611,1158,0.0,2025-01-25 00:03:17.611000+09:00
2025-01-24 15:03:18.313000+00:00,40530.0,40539.0,0.0,0,1737738198313,1158,0.0,2025-01-25 00:03:18.313000+09:00
2025-01-24 15:03:18.412000+00:00,40532.0,40541.0,0.0,0,1737738198412,1158,0.0,2025-01-25 00:03:18.412000+09:00
2025-01-24 15:03:19.212000+00:00,40535.0,40544.0,0.0,0,1737738199212,1158,0.0,2025-01-25 00:03:19.212000+09:00
2025-01-24 15:03:19.413000+00:00,40532.0,40541.0,0.0,0,1737738199413,1158,0.0,2025-01-25 00:03:19.413000+09:00
2025-01-24 15:03:19.913000+00:00,40530.0,40539.0,0.0,0,1737738199913,1158,0.0,2025-01-25 00:03:19.913000+09:00
2025-01-24 15:03:20.114000+00:00,40527.0,40536.0,0.0,0,1737738200114,1158,0.0,2025-01-25 00:03:20.114000+09:00
2025-01-24 15:03:20.713000+00:00,40530.0,40539.0,0.0,0,1737738200713,1158,0.0,2025-01-25 00:03:20.713000+09:00
2025-01-24 15:03:20.913000+00:00,40527.0,40536.0,0.0,0,1737738200913,1158,0.0,2025-01-25 00:03:20.913000+09:00
2025-01-24 15:03:21.315000+00:00,40530.0,40539.0,0.0,0,1737738201315,1158,0.0,2025-01-25 00:03:21.315000+09:00
2025-01-24 15:03:21.414000+00:00,40527.0,40536.0,0.0,0,1737738201414,1158,0.0,2025-01-25 00:03:21.414000+09:00
2025-01-24 15:03:21.813000+00:00,40530.0,40539.0,0.0,0,1737738201813,1158,0.0,2025-01-25 00:03:21.813000+09:00
2025-01-24 15:03:21.913000+00:00,40527.0,40536.0,0.0,0,1737738201913,1158,0.0,2025-01-25 00:03:21.913000+09:00
2025-01-24 15:03:22.314000+00:00,40530.0,40539.0,0.0,0,1737738202314,1158,0.0,2025-01-25 00:03:22.314000+09:00
2025-01-24 15:03:22.414000+00:00,40532.0,40541.0,0.0,0,1737738202414,1158,0.0,2025-01-25 00:03:22.414000+09:00
2025-01-24 15:03:22.513000+00:00,40530.0,40539.0,0.0,0,1737738202513,1158,0.0,2025-01-25 00:03:22.513000+09:00
2025-01-24 15:03:22.614000+00:00,40527.0,40536.0,0.0,0,1737738202614,1158,0.0,2025-01-25 00:03:22.614000+09:00
2025-01-24 15:03:22.914000+00:00,40525.0,40534.0,0.0,0,1737738202914,1158,0.0,2025-01-25 00:03:22.914000+09:00
2025-01-24 15:03:23.712000+00:00,40522.0,40531.0,0.0,0,1737738203712,1158,0.0,2025-01-25 00:03:23.712000+09:00
2025-01-24 15:03:24.012000+00:00,40525.0,40534.0,0.0,0,1737738204012,1158,0.0,2025-01-25 00:03:24.012000+09:00
2025-01-24 15:03:24.112000+00:00,40522.0,40531.0,0.0,0,1737738204112,1158,0.0,2025-01-25 00:03:24.112000+09:00
2025-01-24 15:03:25.612000+00:00,40520.0,40529.0,0.0,0,1737738205612,1158,0.0,2025-01-25 00:03:25.612000+09:00
2025-01-24 15:03:25.812000+00:00,40517.0,40526.0,0.0,0,1737738205812,1158,0.0,2025-01-25 00:03:25.812000+09:00
2025-01-24 15:03:27.812000+00:00,40520.0,40529.0,0.0,0,1737738207812,1158,0.0,2025-01-25 00:03:27.812000+09:00
2025-01-24 15:03:27.914000+00:00,40517.0,40526.0,0.0,0,1737738207914,1158,0.0,2025-01-25 00:03:27.914000+09:00
2025-01-24 15:03:29.614000+00:00,40520.0,40529.0,0.0,0,1737738209614,1158,0.0,2025-01-25 00:03:29.614000+09:00
2025-01-24 15:03:31.114000+00:00,40517.0,40526.0,0.0,0,1737738211114,1158,0.0,2025-01-25 00:03:31.114000+09:00
2025-01-24 15:03:31.213000+00:00,40515.0,40524.0,0.0,0,1737738211213,1158,0.0,2025-01-25 00:03:31.213000+09:00
2025-01-24 15:03:31.613000+00:00,40517.0,40526.0,0.0,0,1737738211613,1158,0.0,2025-01-25 00:03:31.613000+09:00
2025-01-24 15:03:32.115000+00:00,40515.0,40524.0,0.0,0,1737738212115,1158,0.0,2025-01-25 00:03:32.115000+09:00
2025-01-24 15:03:32.315000+00:00,40512.0,40521.0,0.0,0,1737738212315,1158,0.0,2025-01-25 00:03:32.315000+09:00
2025-01-24 15:03:32.717000+00:00,40515.0,40524.0,0.0,0,1737738212717,1158,0.0,2025-01-25 00:03:32.717000+09:00
2025-01-24 15:03:32.816000+00:00,40512.0,40521.0,0.0,0,1737738212816,1158,0.0,2025-01-25 00:03:32.816000+09:00
2025-01-24 15:03:33.814000+00:00,40515.0,40524.0,0.0,0,1737738213814,1158,0.0,2025-01-25 00:03:33.814000+09:00
2025-01-24 15:03:34.115000+00:00,40512.0,40521.0,0.0,0,1737738214115,1158,0.0,2025-01-25 00:03:34.115000+09:00
2025-01-24 15:03:36.918000+00:00,40515.0,40524.0,0.0,0,1737738216918,1158,0.0,2025-01-25 00:03:36.918000+09:00
2025-01-24 15:03:37.520000+00:00,40512.0,40521.0,0.0,0,1737738217520,1158,0.0,2025-01-25 00:03:37.520000+09:00
2025-01-24 15:03:38.018000+00:00,40515.0,40524.0,0.0,0,1737738218018,1158,0.0,2025-01-25 00:03:38.018000+09:00
2025-01-24 15:03:38.319000+00:00,40512.0,40521.0,0.0,0,1737738218319,1158,0.0,2025-01-25 00:03:38.319000+09:00
2025-01-24 15:03:38.420000+00:00,40515.0,40524.0,0.0,0,1737738218420,1158,0.0,2025-01-25 00:03:38.420000+09:00
2025-01-24 15:03:38.521000+00:00,40517.0,40526.0,0.0,0,1737738218521,1158,0.0,2025-01-25 00:03:38.521000+09:00
2025-01-24 15:03:38.626000+00:00,40515.0,40524.0,0.0,0,1737738218626,1158,0.0,2025-01-25 00:03:38.626000+09:00
2025-01-24 15:03:38.723000+00:00,40517.0,40526.0,0.0,0,1737738218723,1158,0.0,2025-01-25 00:03:38.723000+09:00
2025-01-24 15:03:39.225000+00:00,40515.0,40524.0,0.0,0,1737738219225,1158,0.0,2025-01-25 00:03:39.225000+09:00
2025-01-24 15:03:39.422000+00:00,40517.0,40526.0,0.0,0,1737738219422,1158,0.0,2025-01-25 00:03:39.422000+09:00
2025-01-24 15:03:39.522000+00:00,40515.0,40524.0,0.0,0,1737738219522,1158,0.0,2025-01-25 00:03:39.522000+09:00
2025-01-24 15:03:40.124000+00:00,40517.0,40526.0,0.0,0,1737738220124,1158,0.0,2025-01-25 00:03:40.124000+09:00
2025-01-24 15:03:40.324000+00:00,40515.0,40524.0,0.0,0,1737738220324,1158,0.0,2025-01-25 00:03:40.324000+09:00
2025-01-24 15:03:40.624000+00:00,40517.0,40526.0,0.0,0,1737738220624,1158,0.0,2025-01-25 00:03:40.624000+09:00
2025-01-24 15:03:40.724000+00:00,40515.0,40524.0,0.0,0,1737738220724,1158,0.0,2025-01-25 00:03:40.724000+09:00
2025-01-24 15:03:41.225000+00:00,40517.0,40526.0,0.0,0,1737738221225,1158,0.0,2025-01-25 00:03:41.225000+09:00
2025-01-24 15:03:41.625000+00:00,40520.0,40529.0,0.0,0,1737738221625,1158,0.0,2025-01-25 00:03:41.625000+09:00
2025-01-24 15:03:41.826000+00:00,40517.0,40526.0,0.0,0,1737738221826,1158,0.0,2025-01-25 00:03:41.826000+09:00
2025-01-24 15:03:41.926000+00:00,40520.0,40529.0,0.0,0,1737738221926,1158,0.0,2025-01-25 00:03:41.926000+09:00
2025-01-24 15:03:42.225000+00:00,40517.0,40526.0,0.0,0,1737738222225,1158,0.0,2025-01-25 00:03:42.225000+09:00
2025-01-24 15:03:42.526000+00:00,40515.0,40524.0,0.0,0,1737738222526,1158,0.0,2025-01-25 00:03:42.526000+09:00
2025-01-24 15:03:42.726000+00:00,40517.0,40526.0,0.0,0,1737738222726,1158,0.0,2025-01-25 00:03:42.726000+09:00
2025-01-24 15:03:42.825000+00:00,40515.0,40524.0,0.0,0,1737738222825,1158,0.0,2025-01-25 00:03:42.825000+09:00
2025-01-24 15:03:43.126000+00:00,40512.0,40521.0,0.0,0,1737738223126,1158,0.0,2025-01-25 00:03:43.126000+09:00
2025-01-24 15:03:44.327000+00:00,40515.0,40524.0,0.0,0,1737738224327,1158,0.0,2025-01-25 00:03:44.327000+09:00
2025-01-24 15:03:45.531000+00:00,40512.0,40521.0,0.0,0,1737738225531,1158,0.0,2025-01-25 00:03:45.531000+09:00
2025-01-24 15:03:45.631000+00:00,40515.0,40524.0,0.0,0,1737738225631,1158,0.0,2025-01-25 00:03:45.631000+09:00
2025-01-24 15:03:45.829000+00:00,40512.0,40521.0,0.0,0,1737738225829,1158,0.0,2025-01-25 00:03:45.829000+09:00
2025-01-24 15:03:45.931000+00:00,40515.0,40524.0,0.0,0,1737738225931,1158,0.0,2025-01-25 00:03:45.931000+09:00
2025-01-24 15:03:46.431000+00:00,40517.0,40526.0,0.0,0,1737738226431,1158,0.0,2025-01-25 00:03:46.431000+09:00
2025-01-24 15:03:46.731000+00:00,40515.0,40524.0,0.0,0,1737738226731,1158,0.0,2025-01-25 00:03:46.731000+09:00
2025-01-24 15:03:47.031000+00:00,40517.0,40526.0,0.0,0,1737738227031,1158,0.0,2025-01-25 00:03:47.031000+09:00
2025-01-24 15:03:47.233000+00:00,40520.0,40529.0,0.0,0,1737738227233,1158,0.0,2025-01-25 00:03:47.233000+09:00
2025-01-24 15:03:47.333000+00:00,40517.0,40526.0,0.0,0,1737738227333,1158,0.0,2025-01-25 00:03:47.333000+09:00
2025-01-24 15:03:50.434000+00:00,40520.0,40529.0,0.0,0,1737738230434,1158,0.0,2025-01-25 00:03:50.434000+09:00
2025-01-24 15:03:50.533000+00:00,40517.0,40526.0,0.0,0,1737738230533,1158,0.0,2025-01-25 00:03:50.533000+09:00
2025-01-24 15:03:50.737000+00:00,40520.0,40529.0,0.0,0,1737738230737,1158,0.0,2025-01-25 00:03:50.737000+09:00
2025-01-24 15:03:50.835000+00:00,40517.0,40526.0,0.0,0,1737738230835,1158,0.0,2025-01-25 00:03:50.835000+09:00
2025-01-24 15:03:51.034000+00:00,40520.0,40529.0,0.0,0,1737738231034,1158,0.0,2025-01-25 00:03:51.034000+09:00
2025-01-24 15:03:51.535000+00:00,40517.0,40526.0,0.0,0,1737738231535,1158,0.0,2025-01-25 00:03:51.535000+09:00
2025-01-24 15:03:53.137000+00:00,40520.0,40529.0,0.0,0,1737738233137,1158,0.0,2025-01-25 00:03:53.137000+09:00
2025-01-24 15:03:53.337000+00:00,40517.0,40526.0,0.0,0,1737738233337,1158,0.0,2025-01-25 00:03:53.337000+09:00
2025-01-24 15:03:53.637000+00:00,40520.0,40529.0,0.0,0,1737738233637,1158,0.0,2025-01-25 00:03:53.637000+09:00
2025-01-24 15:03:53.836000+00:00,40517.0,40526.0,0.0,0,1737738233836,1158,0.0,2025-01-25 00:03:53.836000+09:00
2025-01-24 15:03:55.539000+00:00,40512.0,40521.0,0.0,0,1737738235539,1158,0.0,2025-01-25 00:03:55.539000+09:00
2025-01-24 15:03:55.939000+00:00,40515.0,40524.0,0.0,0,1737738235939,1158,0.0,2025-01-25 00:03:55.939000+09:00
2025-01-24 15:03:56.142000+00:00,40517.0,40526.0,0.0,0,1737738236142,1158,0.0,2025-01-25 00:03:56.142000+09:00
2025-01-24 15:03:56.342000+00:00,40515.0,40524.0,0.0,0,1737738236342,1158,0.0,2025-01-25 00:03:56.342000+09:00
2025-01-24 15:03:57.240000+00:00,40512.0,40521.0,0.0,0,1737738237240,1158,0.0,2025-01-25 00:03:57.240000+09:00
2025-01-24 15:03:57.641000+00:00,40515.0,40524.0,0.0,0,1737738237641,1158,0.0,2025-01-25 00:03:57.641000+09:00
2025-01-24 15:03:58.642000+00:00,40512.0,40521.0,0.0,0,1737738238642,1158,0.0,2025-01-25 00:03:58.642000+09:00
2025-01-24 15:03:58.742000+00:00,40507.0,40516.0,0.0,0,1737738238742,1158,0.0,2025-01-25 00:03:58.742000+09:00
2025-01-24 15:03:59.141000+00:00,40510.0,40519.0,0.0,0,1737738239141,1158,0.0,2025-01-25 00:03:59.141000+09:00
2025-01-24 15:03:59.341000+00:00,40512.0,40521.0,0.0,0,1737738239341,1158,0.0,2025-01-25 00:03:59.341000+09:00
2025-01-24 15:03:59.742000+00:00,40510.0,40519.0,0.0,0,1737738239742,1158,0.0,2025-01-25 00:03:59.742000+09:00
2025-01-24 15:04:00.042000+00:00,40507.0,40516.0,0.0,0,1737738240042,1158,0.0,2025-01-25 00:04:00.042000+09:00
2025-01-24 15:04:00.743000+00:00,40510.0,40519.0,0.0,0,1737738240743,1158,0.0,2025-01-25 00:04:00.743000+09:00
2025-01-24 15:04:01.243000+00:00,40512.0,40521.0,0.0,0,1737738241243,1158,0.0,2025-01-25 00:04:01.243000+09:00
2025-01-24 15:04:01.343000+00:00,40510.0,40519.0,0.0,0,1737738241343,1158,0.0,2025-01-25 00:04:01.343000+09:00
2025-01-24 15:04:01.442000+00:00,40512.0,40521.0,0.0,0,1737738241442,1158,0.0,2025-01-25 00:04:01.442000+09:00
2025-01-24 15:04:02.043000+00:00,40510.0,40519.0,0.0,0,1737738242043,1158,0.0,2025-01-25 00:04:02.043000+09:00
2025-01-24 15:04:02.145000+00:00,40507.0,40516.0,0.0,0,1737738242145,1158,0.0,2025-01-25 00:04:02.145000+09:00
2025-01-24 15:04:02.244000+00:00,40510.0,40519.0,0.0,0,1737738242244,1158,0.0,2025-01-25 00:04:02.244000+09:00
2025-01-24 15:04:02.445000+00:00,40512.0,40521.0,0.0,0,1737738242445,1158,0.0,2025-01-25 00:04:02.445000+09:00
2025-01-24 15:04:02.643000+00:00,40510.0,40519.0,0.0,0,1737738242643,1158,0.0,2025-01-25 00:04:02.643000+09:00
2025-01-24 15:04:02.743000+00:00,40512.0,40521.0,0.0,0,1737738242743,1158,0.0,2025-01-25 00:04:02.743000+09:00
2025-01-24 15:04:02.843000+00:00,40510.0,40519.0,0.0,0,1737738242843,1158,0.0,2025-01-25 00:04:02.843000+09:00
2025-01-24 15:04:03.346000+00:00,40512.0,40521.0,0.0,0,1737738243346,1158,0.0,2025-01-25 00:04:03.346000+09:00
2025-01-24 15:04:03.445000+00:00,40510.0,40519.0,0.0,0,1737738243445,1158,0.0,2025-01-25 00:04:03.445000+09:00
2025-01-24 15:04:03.645000+00:00,40507.0,40516.0,0.0,0,1737738243645,1158,0.0,2025-01-25 00:04:03.645000+09:00
2025-01-24 15:04:07.847000+00:00,40502.0,40511.0,0.0,0,1737738247847,1158,0.0,2025-01-25 00:04:07.847000+09:00
2025-01-24 15:04:07.947000+00:00,40505.0,40514.0,0.0,0,1737738247947,1158,0.0,2025-01-25 00:04:07.947000+09:00
2025-01-24 15:04:08.347000+00:00,40507.0,40516.0,0.0,0,1737738248347,1158,0.0,2025-01-25 00:04:08.347000+09:00
2025-01-24 15:04:08.550000+00:00,40510.0,40519.0,0.0,0,1737738248550,1158,0.0,2025-01-25 00:04:08.550000+09:00
2025-01-24 15:04:08.948000+00:00,40507.0,40516.0,0.0,0,1737738248948,1158,0.0,2025-01-25 00:04:08.948000+09:00
2025-01-24 15:04:10.448000+00:00,40505.0,40514.0,0.0,0,1737738250448,1158,0.0,2025-01-25 00:04:10.448000+09:00
2025-01-24 15:04:11.348000+00:00,40502.0,40511.0,0.0,0,1737738251348,1158,0.0,2025-01-25 00:04:11.348000+09:00
2025-01-24 15:04:11.547000+00:00,40500.0,40509.0,0.0,0,1737738251547,1158,0.0,2025-01-25 00:04:11.547000+09:00
2025-01-24 15:04:12.346000+00:00,40502.0,40511.0,0.0,0,1737738252346,1158,0.0,2025-01-25 00:04:12.346000+09:00
2025-01-24 15:04:12.748000+00:00,40505.0,40514.0,0.0,0,1737738252748,1158,0.0,2025-01-25 00:04:12.748000+09:00
2025-01-24 15:04:13.748000+00:00,40507.0,40516.0,0.0,0,1737738253748,1158,0.0,2025-01-25 00:04:13.748000+09:00
2025-01-24 15:04:13.946000+00:00,40502.0,40511.0,0.0,0,1737738253946,1158,0.0,2025-01-25 00:04:13.946000+09:00
2025-01-24 15:04:15.746000+00:00,40505.0,40514.0,0.0,0,1737738255746,1158,0.0,2025-01-25 00:04:15.746000+09:00
2025-01-24 15:04:15.947000+00:00,40502.0,40511.0,0.0,0,1737738255947,1158,0.0,2025-01-25 00:04:15.947000+09:00
2025-01-24 15:04:17.748000+00:00,40500.0,40509.0,0.0,0,1737738257748,1158,0.0,2025-01-25 00:04:17.748000+09:00
2025-01-24 15:04:17.849000+00:00,40502.0,40511.0,0.0,0,1737738257849,1158,0.0,2025-01-25 00:04:17.849000+09:00
2025-01-24 15:04:19.446000+00:00,40497.0,40506.0,0.0,0,1737738259446,1158,0.0,2025-01-25 00:04:19.446000+09:00
2025-01-24 15:04:24.952000+00:00,40500.0,40509.0,0.0,0,1737738264952,1158,0.0,2025-01-25 00:04:24.952000+09:00
2025-01-24 15:04:25.452000+00:00,40502.0,40511.0,0.0,0,1737738265452,1158,0.0,2025-01-25 00:04:25.452000+09:00
2025-01-24 15:04:28.653000+00:00,40505.0,40514.0,0.0,0,1737738268653,1158,0.0,2025-01-25 00:04:28.653000+09:00
2025-01-24 15:04:29.053000+00:00,40502.0,40511.0,0.0,0,1737738269053,1158,0.0,2025-01-25 00:04:29.053000+09:00
2025-01-24 15:04:29.357000+00:00,40505.0,40514.0,0.0,0,1737738269357,1158,0.0,2025-01-25 00:04:29.357000+09:00
2025-01-24 15:04:29.556000+00:00,40502.0,40511.0,0.0,0,1737738269556,1158,0.0,2025-01-25 00:04:29.556000+09:00
2025-01-24 15:04:30.358000+00:00,40505.0,40514.0,0.0,0,1737738270358,1158,0.0,2025-01-25 00:04:30.358000+09:00
2025-01-24 15:04:30.958000+00:00,40507.0,40516.0,0.0,0,1737738270958,1158,0.0,2025-01-25 00:04:30.958000+09:00
2025-01-24 15:04:31.756000+00:00,40505.0,40514.0,0.0,0,1737738271756,1158,0.0,2025-01-25 00:04:31.756000+09:00
2025-01-24 15:04:31.956000+00:00,40502.0,40511.0,0.0,0,1737738271956,1158,0.0,2025-01-25 00:04:31.956000+09:00
2025-01-24 15:04:32.657000+00:00,40497.0,40506.0,0.0,0,1737738272657,1158,0.0,2025-01-25 00:04:32.657000+09:00
2025-01-24 15:04:34.456000+00:00,40495.0,40504.0,0.0,0,1737738274456,1158,0.0,2025-01-25 00:04:34.456000+09:00
2025-01-24 15:04:34.758000+00:00,40497.0,40506.0,0.0,0,1737738274758,1158,0.0,2025-01-25 00:04:34.758000+09:00
2025-01-24 15:04:35.659000+00:00,40492.0,40501.0,0.0,0,1737738275659,1158,0.0,2025-01-25 00:04:35.659000+09:00
2025-01-24 15:04:36.156000+00:00,40487.0,40496.0,0.0,0,1737738276156,1158,0.0,2025-01-25 00:04:36.156000+09:00
2025-01-24 15:04:38.761000+00:00,40490.0,40499.0,0.0,0,1737738278761,1158,0.0,2025-01-25 00:04:38.761000+09:00
2025-01-24 15:04:38.862000+00:00,40492.0,40501.0,0.0,0,1737738278862,1158,0.0,2025-01-25 00:04:38.862000+09:00
2025-01-24 15:04:39.162000+00:00,40490.0,40499.0,0.0,0,1737738279162,1158,0.0,2025-01-25 00:04:39.162000+09:00
2025-01-24 15:04:39.263000+00:00,40492.0,40501.0,0.0,0,1737738279263,1158,0.0,2025-01-25 00:04:39.263000+09:00
2025-01-24 15:04:40.164000+00:00,40490.0,40499.0,0.0,0,1737738280164,1158,0.0,2025-01-25 00:04:40.164000+09:00
2025-01-24 15:04:40.264000+00:00,40492.0,40501.0,0.0,0,1737738280264,1158,0.0,2025-01-25 00:04:40.264000+09:00
2025-01-24 15:04:42.366000+00:00,40490.0,40499.0,0.0,0,1737738282366,1158,0.0,2025-01-25 00:04:42.366000+09:00
2025-01-24 15:04:42.566000+00:00,40492.0,40501.0,0.0,0,1737738282566,1158,0.0,2025-01-25 00:04:42.566000+09:00
2025-01-24 15:04:43.271000+00:00,40490.0,40499.0,0.0,0,1737738283271,1158,0.0,2025-01-25 00:04:43.271000+09:00
2025-01-24 15:04:43.468000+00:00,40487.0,40496.0,0.0,0,1737738283468,1158,0.0,2025-01-25 00:04:43.468000+09:00
2025-01-24 15:04:43.868000+00:00,40490.0,40499.0,0.0,0,1737738283868,1158,0.0,2025-01-25 00:04:43.868000+09:00
2025-01-24 15:04:45.668000+00:00,40487.0,40496.0,0.0,0,1737738285668,1158,0.0,2025-01-25 00:04:45.668000+09:00
2025-01-24 15:04:45.971000+00:00,40490.0,40499.0,0.0,0,1737738285971,1158,0.0,2025-01-25 00:04:45.971000+09:00
2025-01-24 15:04:47.670000+00:00,40487.0,40496.0,0.0,0,1737738287670,1158,0.0,2025-01-25 00:04:47.670000+09:00
2025-01-24 15:04:48.070000+00:00,40490.0,40499.0,0.0,0,1737738288070,1158,0.0,2025-01-25 00:04:48.070000+09:00
2025-01-24 15:04:50.373000+00:00,40487.0,40496.0,0.0,0,1737738290373,1158,0.0,2025-01-25 00:04:50.373000+09:00
2025-01-24 15:04:50.473000+00:00,40490.0,40499.0,0.0,0,1737738290473,1158,0.0,2025-01-25 00:04:50.473000+09:00
2025-01-24 15:04:50.672000+00:00,40492.0,40501.0,0.0,0,1737738290672,1158,0.0,2025-01-25 00:04:50.672000+09:00
2025-01-24 15:04:50.973000+00:00,40490.0,40499.0,0.0,0,1737738290973,1158,0.0,2025-01-25 00:04:50.973000+09:00
2025-01-24 15:04:51.275000+00:00,40492.0,40501.0,0.0,0,1737738291275,1158,0.0,2025-01-25 00:04:51.275000+09:00
2025-01-24 15:04:51.675000+00:00,40490.0,40499.0,0.0,0,1737738291675,1158,0.0,2025-01-25 00:04:51.675000+09:00
2025-01-24 15:04:52.375000+00:00,40487.0,40496.0,0.0,0,1737738292375,1158,0.0,2025-01-25 00:04:52.375000+09:00
2025-01-24 15:04:55.976000+00:00,40490.0,40499.0,0.0,0,1737738295976,1158,0.0,2025-01-25 00:04:55.976000+09:00
2025-01-24 15:04:56.076000+00:00,40487.0,40496.0,0.0,0,1737738296076,1158,0.0,2025-01-25 00:04:56.076000+09:00
2025-01-24 15:04:56.275000+00:00,40495.0,40504.0,0.0,0,1737738296275,1158,0.0,2025-01-25 00:04:56.275000+09:00
2025-01-24 15:04:56.478000+00:00,40497.0,40506.0,0.0,0,1737738296478,1158,0.0,2025-01-25 00:04:56.478000+09:00
2025-01-24 15:04:56.877000+00:00,40495.0,40504.0,0.0,0,1737738296877,1158,0.0,2025-01-25 00:04:56.877000+09:00
2025-01-24 15:04:57.479000+00:00,40497.0,40506.0,0.0,0,1737738297479,1158,0.0,2025-01-25 00:04:57.479000+09:00
2025-01-24 15:04:57.679000+00:00,40495.0,40504.0,0.0,0,1737738297679,1158,0.0,2025-01-25 00:04:57.679000+09:00
2025-01-24 15:04:57.779000+00:00,40492.0,40501.0,0.0,0,1737738297779,1158,0.0,2025-01-25 00:04:57.779000+09:00
2025-01-24 15:04:59.580000+00:00,40495.0,40504.0,0.0,0,1737738299580,1158,0.0,2025-01-25 00:04:59.580000+09:00
2025-01-24 15:04:59.681000+00:00,40492.0,40501.0,0.0,0,1737738299681,1158,0.0,2025-01-25 00:04:59.681000+09:00
2025-01-24 15:05:00.183000+00:00,40495.0,40504.0,0.0,0,1737738300183,1158,0.0,2025-01-25 00:05:00.183000+09:00
2025-01-24 15:05:00.783000+00:00,40497.0,40506.0,0.0,0,1737738300783,1158,0.0,2025-01-25 00:05:00.783000+09:00
2025-01-24 15:05:00.983000+00:00,40495.0,40504.0,0.0,0,1737738300983,1158,0.0,2025-01-25 00:05:00.983000+09:00
2025-01-24 15:05:01.083000+00:00,40497.0,40506.0,0.0,0,1737738301083,1158,0.0,2025-01-25 00:05:01.083000+09:00
2025-01-24 15:05:01.383000+00:00,40495.0,40504.0,0.0,0,1737738301383,1158,0.0,2025-01-25 00:05:01.383000+09:00
2025-01-24 15:05:01.584000+00:00,40497.0,40506.0,0.0,0,1737738301584,1158,0.0,2025-01-25 00:05:01.584000+09:00
2025-01-24 15:05:01.985000+00:00,40492.0,40501.0,0.0,0,1737738301985,1158,0.0,2025-01-25 00:05:01.985000+09:00
2025-01-24 15:05:02.385000+00:00,40497.0,40506.0,0.0,0,1737738302385,1158,0.0,2025-01-25 00:05:02.385000+09:00
2025-01-24 15:05:02.684000+00:00,40495.0,40504.0,0.0,0,1737738302684,1158,0.0,2025-01-25 00:05:02.684000+09:00
2025-01-24 15:05:03.385000+00:00,40497.0,40506.0,0.0,0,1737738303385,1158,0.0,2025-01-25 00:05:03.385000+09:00
2025-01-24 15:05:03.485000+00:00,40495.0,40504.0,0.0,0,1737738303485,1158,0.0,2025-01-25 00:05:03.485000+09:00
2025-01-24 15:05:05.285000+00:00,40492.0,40501.0,0.0,0,1737738305285,1158,0.0,2025-01-25 00:05:05.285000+09:00
2025-01-24 15:05:05.585000+00:00,40495.0,40504.0,0.0,0,1737738305585,1158,0.0,2025-01-25 00:05:05.585000+09:00
2025-01-24 15:05:05.885000+00:00,40492.0,40501.0,0.0,0,1737738305885,1158,0.0,2025-01-25 00:05:05.885000+09:00
2025-01-24 15:05:05.985000+00:00,40495.0,40504.0,0.0,0,1737738305985,1158,0.0,2025-01-25 00:05:05.985000+09:00
2025-01-24 15:05:06.486000+00:00,40497.0,40506.0,0.0,0,1737738306486,1158,0.0,2025-01-25 00:05:06.486000+09:00
2025-01-24 15:05:06.687000+00:00,40495.0,40504.0,0.0,0,1737738306687,1158,0.0,2025-01-25 00:05:06.687000+09:00
2025-01-24 15:05:07.186000+00:00,40497.0,40506.0,0.0,0,1737738307186,1158,0.0,2025-01-25 00:05:07.186000+09:00
2025-01-24 15:05:07.387000+00:00,40495.0,40504.0,0.0,0,1737738307387,1158,0.0,2025-01-25 00:05:07.387000+09:00
2025-01-24 15:05:07.587000+00:00,40497.0,40506.0,0.0,0,1737738307587,1158,0.0,2025-01-25 00:05:07.587000+09:00
2025-01-24 15:05:08.989000+00:00,40495.0,40504.0,0.0,0,1737738308989,1158,0.0,2025-01-25 00:05:08.989000+09:00
2025-01-24 15:05:09.092000+00:00,40492.0,40501.0,0.0,0,1737738309092,1158,0.0,2025-01-25 00:05:09.092000+09:00
2025-01-24 15:05:10.895000+00:00,40495.0,40504.0,0.0,0,1737738310895,1158,0.0,2025-01-25 00:05:10.895000+09:00
2025-01-24 15:05:11.395000+00:00,40497.0,40506.0,0.0,0,1737738311395,1158,0.0,2025-01-25 00:05:11.395000+09:00
2025-01-24 15:05:11.495000+00:00,40495.0,40504.0,0.0,0,1737738311495,1158,0.0,2025-01-25 00:05:11.495000+09:00
2025-01-24 15:05:11.996000+00:00,40497.0,40506.0,0.0,0,1737738311996,1158,0.0,2025-01-25 00:05:11.996000+09:00
2025-01-24 15:05:12.397000+00:00,40495.0,40504.0,0.0,0,1737738312397,1158,0.0,2025-01-25 00:05:12.397000+09:00
2025-01-24 15:05:13.100000+00:00,40500.0,40509.0,0.0,0,1737738313100,1158,0.0,2025-01-25 00:05:13.100000+09:00
2025-01-24 15:05:13.299000+00:00,40497.0,40506.0,0.0,0,1737738313299,1158,0.0,2025-01-25 00:05:13.299000+09:00
2025-01-24 15:05:13.498000+00:00,40500.0,40509.0,0.0,0,1737738313498,1158,0.0,2025-01-25 00:05:13.498000+09:00
2025-01-24 15:05:13.598000+00:00,40502.0,40511.0,0.0,0,1737738313598,1158,0.0,2025-01-25 00:05:13.598000+09:00
2025-01-24 15:05:14.398000+00:00,40507.0,40516.0,0.0,0,1737738314398,1158,0.0,2025-01-25 00:05:14.398000+09:00
2025-01-24 15:05:14.498000+00:00,40502.0,40511.0,0.0,0,1737738314498,1158,0.0,2025-01-25 00:05:14.498000+09:00
2025-01-24 15:05:14.810000+00:00,40505.0,40514.0,0.0,0,1737738314810,1158,0.0,2025-01-25 00:05:14.810000+09:00
2025-01-24 15:05:15.100000+00:00,40507.0,40516.0,0.0,0,1737738315100,1158,0.0,2025-01-25 00:05:15.100000+09:00
2025-01-24 15:05:17.203000+00:00,40505.0,40514.0,0.0,0,1737738317203,1158,0.0,2025-01-25 00:05:17.203000+09:00
2025-01-24 15:05:17.802000+00:00,40502.0,40511.0,0.0,0,1737738317802,1158,0.0,2025-01-25 00:05:17.802000+09:00
2025-01-24 15:05:19.002000+00:00,40500.0,40509.0,0.0,0,1737738319002,1158,0.0,2025-01-25 00:05:19.002000+09:00
2025-01-24 15:05:19.103000+00:00,40497.0,40506.0,0.0,0,1737738319103,1158,0.0,2025-01-25 00:05:19.103000+09:00
2025-01-24 15:05:19.202000+00:00,40500.0,40509.0,0.0,0,1737738319202,1158,0.0,2025-01-25 00:05:19.202000+09:00
2025-01-24 15:05:20.002000+00:00,40497.0,40506.0,0.0,0,1737738320002,1158,0.0,2025-01-25 00:05:20.002000+09:00
2025-01-24 15:05:20.504000+00:00,40495.0,40504.0,0.0,0,1737738320504,1158,0.0,2025-01-25 00:05:20.504000+09:00
2025-01-24 15:05:20.903000+00:00,40497.0,40506.0,0.0,0,1737738320903,1158,0.0,2025-01-25 00:05:20.903000+09:00
2025-01-24 15:05:21.200000+00:00,40495.0,40504.0,0.0,0,1737738321200,1158,0.0,2025-01-25 00:05:21.200000+09:00
2025-01-24 15:05:22.005000+00:00,40497.0,40506.0,0.0,0,1737738322005,1158,0.0,2025-01-25 00:05:22.005000+09:00
2025-01-24 15:05:22.501000+00:00,40495.0,40504.0,0.0,0,1737738322501,1158,0.0,2025-01-25 00:05:22.501000+09:00
2025-01-24 15:05:22.900000+00:00,40497.0,40506.0,0.0,0,1737738322900,1158,0.0,2025-01-25 00:05:22.900000+09:00
2025-01-24 15:05:22.999000+00:00,40495.0,40504.0,0.0,0,1737738322999,1158,0.0,2025-01-25 00:05:22.999000+09:00
2025-01-24 15:05:23.100000+00:00,40497.0,40506.0,0.0,0,1737738323100,1158,0.0,2025-01-25 00:05:23.100000+09:00
2025-01-24 15:05:23.301000+00:00,40495.0,40504.0,0.0,0,1737738323301,1158,0.0,2025-01-25 00:05:23.301000+09:00
2025-01-24 15:05:24.203000+00:00,40492.0,40501.0,0.0,0,1737738324203,1158,0.0,2025-01-25 00:05:24.203000+09:00
2025-01-24 15:05:24.702000+00:00,40495.0,40504.0,0.0,0,1737738324702,1158,0.0,2025-01-25 00:05:24.702000+09:00
2025-01-24 15:05:24.803000+00:00,40492.0,40501.0,0.0,0,1737738324803,1158,0.0,2025-01-25 00:05:24.803000+09:00
2025-01-24 15:05:25.700000+00:00,40487.0,40496.0,0.0,0,1737738325700,1158,0.0,2025-01-25 00:05:25.700000+09:00
2025-01-24 15:05:30.301000+00:00,40485.0,40494.0,0.0,0,1737738330301,1158,0.0,2025-01-25 00:05:30.301000+09:00
2025-01-24 15:05:30.402000+00:00,40482.0,40491.0,0.0,0,1737738330402,1158,0.0,2025-01-25 00:05:30.402000+09:00
2025-01-24 15:05:33.203000+00:00,40485.0,40494.0,0.0,0,1737738333203,1158,0.0,2025-01-25 00:05:33.203000+09:00
2025-01-24 15:05:33.402000+00:00,40482.0,40491.0,0.0,0,1737738333402,1158,0.0,2025-01-25 00:05:33.402000+09:00
2025-01-24 15:05:36.203000+00:00,40480.0,40489.0,0.0,0,1737738336203,1158,0.0,2025-01-25 00:05:36.203000+09:00
2025-01-24 15:05:36.301000+00:00,40482.0,40491.0,0.0,0,1737738336301,1158,0.0,2025-01-25 00:05:36.301000+09:00
2025-01-24 15:05:37.002000+00:00,40480.0,40489.0,0.0,0,1737738337002,1158,0.0,2025-01-25 00:05:37.002000+09:00
2025-01-24 15:05:37.101000+00:00,40482.0,40491.0,0.0,0,1737738337101,1158,0.0,2025-01-25 00:05:37.101000+09:00
2025-01-24 15:05:38.703000+00:00,40480.0,40489.0,0.0,0,1737738338703,1158,0.0,2025-01-25 00:05:38.703000+09:00
2025-01-24 15:05:38.902000+00:00,40477.0,40486.0,0.0,0,1737738338902,1158,0.0,2025-01-25 00:05:38.902000+09:00
2025-01-24 15:05:40.304000+00:00,40472.0,40481.0,0.0,0,1737738340304,1158,0.0,2025-01-25 00:05:40.304000+09:00
2025-01-24 15:05:41.105000+00:00,40470.0,40479.0,0.0,0,1737738341105,1158,0.0,2025-01-25 00:05:41.105000+09:00
2025-01-24 15:05:42.404000+00:00,40472.0,40481.0,0.0,0,1737738342404,1158,0.0,2025-01-25 00:05:42.404000+09:00
2025-01-24 15:05:42.505000+00:00,40470.0,40479.0,0.0,0,1737738342505,1158,0.0,2025-01-25 00:05:42.505000+09:00
2025-01-24 15:05:42.605000+00:00,40472.0,40481.0,0.0,0,1737738342605,1158,0.0,2025-01-25 00:05:42.605000+09:00
2025-01-24 15:05:42.705000+00:00,40470.0,40479.0,0.0,0,1737738342705,1158,0.0,2025-01-25 00:05:42.705000+09:00
2025-01-24 15:05:43.006000+00:00,40472.0,40481.0,0.0,0,1737738343006,1158,0.0,2025-01-25 00:05:43.006000+09:00
2025-01-24 15:05:43.704000+00:00,40470.0,40479.0,0.0,0,1737738343704,1158,0.0,2025-01-25 00:05:43.704000+09:00
2025-01-24 15:05:44.106000+00:00,40472.0,40481.0,0.0,0,1737738344106,1158,0.0,2025-01-25 00:05:44.106000+09:00
2025-01-24 15:05:45.907000+00:00,40470.0,40479.0,0.0,0,1737738345907,1158,0.0,2025-01-25 00:05:45.907000+09:00
2025-01-24 15:05:46.206000+00:00,40472.0,40481.0,0.0,0,1737738346206,1158,0.0,2025-01-25 00:05:46.206000+09:00
2025-01-24 15:05:46.309000+00:00,40467.0,40476.0,0.0,0,1737738346309,1158,0.0,2025-01-25 00:05:46.309000+09:00
2025-01-24 15:05:46.407000+00:00,40470.0,40479.0,0.0,0,1737738346407,1158,0.0,2025-01-25 00:05:46.407000+09:00
2025-01-24 15:05:46.509000+00:00,40467.0,40476.0,0.0,0,1737738346509,1158,0.0,2025-01-25 00:05:46.509000+09:00
2025-01-24 15:05:46.608000+00:00,40470.0,40479.0,0.0,0,1737738346608,1158,0.0,2025-01-25 00:05:46.608000+09:00
2025-01-24 15:05:46.707000+00:00,40472.0,40481.0,0.0,0,1737738346707,1158,0.0,2025-01-25 00:05:46.707000+09:00
2025-01-24 15:05:47.307000+00:00,40470.0,40479.0,0.0,0,1737738347307,1158,0.0,2025-01-25 00:05:47.307000+09:00
2025-01-24 15:05:47.510000+00:00,40467.0,40476.0,0.0,0,1737738347510,1158,0.0,2025-01-25 00:05:47.510000+09:00
2025-01-24 15:05:49.217000+00:00,40470.0,40479.0,0.0,0,1737738349217,1158,0.0,2025-01-25 00:05:49.217000+09:00
2025-01-24 15:05:49.711000+00:00,40467.0,40476.0,0.0,0,1737738349711,1158,0.0,2025-01-25 00:05:49.711000+09:00
2025-01-24 15:05:50.312000+00:00,40472.0,40481.0,0.0,0,1737738350312,1158,0.0,2025-01-25 00:05:50.312000+09:00
2025-01-24 15:05:50.812000+00:00,40475.0,40484.0,0.0,0,1737738350812,1158,0.0,2025-01-25 00:05:50.812000+09:00
2025-01-24 15:05:50.911000+00:00,40472.0,40481.0,0.0,0,1737738350911,1158,0.0,2025-01-25 00:05:50.911000+09:00
2025-01-24 15:05:51.013000+00:00,40477.0,40486.0,0.0,0,1737738351013,1158,0.0,2025-01-25 00:05:51.013000+09:00
2025-01-24 15:05:52.116000+00:00,40480.0,40489.0,0.0,0,1737738352116,1158,0.0,2025-01-25 00:05:52.116000+09:00
2025-01-24 15:05:52.216000+00:00,40482.0,40491.0,0.0,0,1737738352216,1158,0.0,2025-01-25 00:05:52.216000+09:00
2025-01-24 15:05:53.315000+00:00,40480.0,40489.0,0.0,0,1737738353315,1158,0.0,2025-01-25 00:05:53.315000+09:00
2025-01-24 15:05:53.420000+00:00,40482.0,40491.0,0.0,0,1737738353420,1158,0.0,2025-01-25 00:05:53.420000+09:00
2025-01-24 15:05:53.914000+00:00,40485.0,40494.0,0.0,0,1737738353914,1158,0.0,2025-01-25 00:05:53.914000+09:00
2025-01-24 15:05:54.115000+00:00,40482.0,40491.0,0.0,0,1737738354115,1158,0.0,2025-01-25 00:05:54.115000+09:00
2025-01-24 15:05:56.115000+00:00,40480.0,40489.0,0.0,0,1737738356115,1158,0.0,2025-01-25 00:05:56.115000+09:00
2025-01-24 15:05:56.217000+00:00,40477.0,40486.0,0.0,0,1737738356217,1158,0.0,2025-01-25 00:05:56.217000+09:00
2025-01-24 15:05:58.819000+00:00,40480.0,40489.0,0.0,0,1737738358819,1158,0.0,2025-01-25 00:05:58.819000+09:00
2025-01-24 15:05:59.019000+00:00,40477.0,40486.0,0.0,0,1737738359019,1158,0.0,2025-01-25 00:05:59.019000+09:00
2025-01-24 15:06:00.119000+00:00,40482.0,40491.0,0.0,0,1737738360119,1158,0.0,2025-01-25 00:06:00.119000+09:00
2025-01-24 15:06:00.421000+00:00,40485.0,40494.0,0.0,0,1737738360421,1158,0.0,2025-01-25 00:06:00.421000+09:00
2025-01-24 15:06:00.620000+00:00,40482.0,40491.0,0.0,0,1737738360620,1158,0.0,2025-01-25 00:06:00.620000+09:00
2025-01-24 15:06:00.920000+00:00,40480.0,40489.0,0.0,0,1737738360920,1158,0.0,2025-01-25 00:06:00.920000+09:00
2025-01-24 15:06:01.121000+00:00,40477.0,40486.0,0.0,0,1737738361121,1158,0.0,2025-01-25 00:06:01.121000+09:00
2025-01-24 15:06:01.217000+00:00,40475.0,40484.0,0.0,0,1737738361217,1158,0.0,2025-01-25 00:06:01.217000+09:00
2025-01-24 15:06:02.016000+00:00,40477.0,40486.0,0.0,0,1737738362016,1158,0.0,2025-01-25 00:06:02.016000+09:00
2025-01-24 15:06:02.416000+00:00,40475.0,40484.0,0.0,0,1737738362416,1158,0.0,2025-01-25 00:06:02.416000+09:00
2025-01-24 15:06:02.816000+00:00,40477.0,40486.0,0.0,0,1737738362816,1158,0.0,2025-01-25 00:06:02.816000+09:00
2025-01-24 15:06:03.219000+00:00,40480.0,40489.0,0.0,0,1737738363219,1158,0.0,2025-01-25 00:06:03.219000+09:00
2025-01-24 15:06:03.318000+00:00,40482.0,40491.0,0.0,0,1737738363318,1158,0.0,2025-01-25 00:06:03.318000+09:00
2025-01-24 15:06:03.721000+00:00,40480.0,40489.0,0.0,0,1737738363721,1158,0.0,2025-01-25 00:06:03.721000+09:00
2025-01-24 15:06:03.819000+00:00,40477.0,40486.0,0.0,0,1737738363819,1158,0.0,2025-01-25 00:06:03.819000+09:00
2025-01-24 15:06:03.918000+00:00,40480.0,40489.0,0.0,0,1737738363918,1158,0.0,2025-01-25 00:06:03.918000+09:00
2025-01-24 15:06:05.119000+00:00,40477.0,40486.0,0.0,0,1737738365119,1158,0.0,2025-01-25 00:06:05.119000+09:00
2025-01-24 15:06:05.219000+00:00,40480.0,40489.0,0.0,0,1737738365219,1158,0.0,2025-01-25 00:06:05.219000+09:00
2025-01-24 15:06:05.521000+00:00,40482.0,40491.0,0.0,0,1737738365521,1158,0.0,2025-01-25 00:06:05.521000+09:00
2025-01-24 15:06:05.620000+00:00,40480.0,40489.0,0.0,0,1737738365620,1158,0.0,2025-01-25 00:06:05.620000+09:00
2025-01-24 15:06:05.717000+00:00,40482.0,40491.0,0.0,0,1737738365717,1158,0.0,2025-01-25 00:06:05.717000+09:00
2025-01-24 15:06:05.821000+00:00,40480.0,40489.0,0.0,0,1737738365821,1158,0.0,2025-01-25 00:06:05.821000+09:00
2025-01-24 15:06:06.417000+00:00,40482.0,40491.0,0.0,0,1737738366417,1158,0.0,2025-01-25 00:06:06.417000+09:00
2025-01-24 15:06:07.018000+00:00,40485.0,40494.0,0.0,0,1737738367018,1158,0.0,2025-01-25 00:06:07.018000+09:00
2025-01-24 15:06:07.921000+00:00,40487.0,40496.0,0.0,0,1737738367921,1158,0.0,2025-01-25 00:06:07.921000+09:00
2025-01-24 15:06:08.419000+00:00,40492.0,40501.0,0.0,0,1737738368419,1158,0.0,2025-01-25 00:06:08.419000+09:00
2025-01-24 15:06:08.520000+00:00,40490.0,40499.0,0.0,0,1737738368520,1158,0.0,2025-01-25 00:06:08.520000+09:00
2025-01-24 15:06:08.821000+00:00,40492.0,40501.0,0.0,0,1737738368821,1158,0.0,2025-01-25 00:06:08.821000+09:00
2025-01-24 15:06:10.023000+00:00,40495.0,40504.0,0.0,0,1737738370023,1158,0.0,2025-01-25 00:06:10.023000+09:00
2025-01-24 15:06:10.125000+00:00,40492.0,40501.0,0.0,0,1737738370125,1158,0.0,2025-01-25 00:06:10.125000+09:00
2025-01-24 15:06:11.724000+00:00,40490.0,40499.0,0.0,0,1737738371724,1158,0.0,2025-01-25 00:06:11.724000+09:00
2025-01-24 15:06:11.922000+00:00,40487.0,40496.0,0.0,0,1737738371922,1158,0.0,2025-01-25 00:06:11.922000+09:00
2025-01-24 15:06:12.622000+00:00,40485.0,40494.0,0.0,0,1737738372622,1158,0.0,2025-01-25 00:06:12.622000+09:00
2025-01-24 15:06:12.721000+00:00,40487.0,40496.0,0.0,0,1737738372721,1158,0.0,2025-01-25 00:06:12.721000+09:00
2025-01-24 15:06:13.221000+00:00,40485.0,40494.0,0.0,0,1737738373221,1158,0.0,2025-01-25 00:06:13.221000+09:00
2025-01-24 15:06:13.522000+00:00,40487.0,40496.0,0.0,0,1737738373522,1158,0.0,2025-01-25 00:06:13.522000+09:00
2025-01-24 15:06:14.323000+00:00,40490.0,40499.0,0.0,0,1737738374323,1158,0.0,2025-01-25 00:06:14.323000+09:00
2025-01-24 15:06:16.424000+00:00,40492.0,40501.0,0.0,0,1737738376424,1158,0.0,2025-01-25 00:06:16.424000+09:00
2025-01-24 15:06:19.027000+00:00,40495.0,40504.0,0.0,0,1737738379027,1158,0.0,2025-01-25 00:06:19.027000+09:00
2025-01-24 15:06:19.127000+00:00,40497.0,40506.0,0.0,0,1737738379127,1158,0.0,2025-01-25 00:06:19.127000+09:00
2025-01-24 15:06:20.729000+00:00,40502.0,40511.0,0.0,0,1737738380729,1158,0.0,2025-01-25 00:06:20.729000+09:00
2025-01-24 15:06:21.130000+00:00,40500.0,40509.0,0.0,0,1737738381130,1158,0.0,2025-01-25 00:06:21.130000+09:00
2025-01-24 15:06:21.829000+00:00,40497.0,40506.0,0.0,0,1737738381829,1158,0.0,2025-01-25 00:06:21.829000+09:00
2025-01-24 15:06:22.232000+00:00,40495.0,40504.0,0.0,0,1737738382232,1158,0.0,2025-01-25 00:06:22.232000+09:00
2025-01-24 15:06:22.731000+00:00,40492.0,40501.0,0.0,0,1737738382731,1158,0.0,2025-01-25 00:06:22.731000+09:00
2025-01-24 15:06:22.830000+00:00,40495.0,40504.0,0.0,0,1737738382830,1158,0.0,2025-01-25 00:06:22.830000+09:00
2025-01-24 15:06:23.432000+00:00,40497.0,40506.0,0.0,0,1737738383432,1158,0.0,2025-01-25 00:06:23.432000+09:00
2025-01-24 15:06:24.233000+00:00,40495.0,40504.0,0.0,0,1737738384233,1158,0.0,2025-01-25 00:06:24.233000+09:00
2025-01-24 15:06:24.334000+00:00,40497.0,40506.0,0.0,0,1737738384334,1158,0.0,2025-01-25 00:06:24.334000+09:00
2025-01-24 15:06:24.732000+00:00,40495.0,40504.0,0.0,0,1737738384732,1158,0.0,2025-01-25 00:06:24.732000+09:00
2025-01-24 15:06:25.533000+00:00,40492.0,40501.0,0.0,0,1737738385533,1158,0.0,2025-01-25 00:06:25.533000+09:00
2025-01-24 15:06:25.935000+00:00,40495.0,40504.0,0.0,0,1737738385935,1158,0.0,2025-01-25 00:06:25.935000+09:00
2025-01-24 15:06:26.735000+00:00,40492.0,40501.0,0.0,0,1737738386735,1158,0.0,2025-01-25 00:06:26.735000+09:00
2025-01-24 15:06:27.134000+00:00,40495.0,40504.0,0.0,0,1737738387134,1158,0.0,2025-01-25 00:06:27.134000+09:00
2025-01-24 15:06:27.333000+00:00,40497.0,40506.0,0.0,0,1737738387333,1158,0.0,2025-01-25 00:06:27.333000+09:00
2025-01-24 15:06:28.033000+00:00,40495.0,40504.0,0.0,0,1737738388033,1158,0.0,2025-01-25 00:06:28.033000+09:00
2025-01-24 15:06:28.234000+00:00,40492.0,40501.0,0.0,0,1737738388234,1158,0.0,2025-01-25 00:06:28.234000+09:00
2025-01-24 15:06:28.337000+00:00,40495.0,40504.0,0.0,0,1737738388337,1158,0.0,2025-01-25 00:06:28.337000+09:00
2025-01-24 15:06:29.635000+00:00,40497.0,40506.0,0.0,0,1737738389635,1158,0.0,2025-01-25 00:06:29.635000+09:00
2025-01-24 15:06:29.736000+00:00,40495.0,40504.0,0.0,0,1737738389736,1158,0.0,2025-01-25 00:06:29.736000+09:00
2025-01-24 15:06:30.636000+00:00,40497.0,40506.0,0.0,0,1737738390636,1158,0.0,2025-01-25 00:06:30.636000+09:00
2025-01-24 15:06:30.935000+00:00,40502.0,40511.0,0.0,0,1737738390935,1158,0.0,2025-01-25 00:06:30.935000+09:00
2025-01-24 15:06:33.833000+00:00,40500.0,40509.0,0.0,0,1737738393833,1158,0.0,2025-01-25 00:06:33.833000+09:00
2025-01-24 15:06:33.933000+00:00,40497.0,40506.0,0.0,0,1737738393933,1158,0.0,2025-01-25 00:06:33.933000+09:00
2025-01-24 15:06:34.934000+00:00,40495.0,40504.0,0.0,0,1737738394934,1158,0.0,2025-01-25 00:06:34.934000+09:00
2025-01-24 15:06:35.039000+00:00,40492.0,40501.0,0.0,0,1737738395039,1158,0.0,2025-01-25 00:06:35.039000+09:00
2025-01-24 15:06:35.136000+00:00,40495.0,40504.0,0.0,0,1737738395136,1158,0.0,2025-01-25 00:06:35.136000+09:00
2025-01-24 15:06:36.033000+00:00,40497.0,40506.0,0.0,0,1737738396033,1158,0.0,2025-01-25 00:06:36.033000+09:00
2025-01-24 15:06:36.739000+00:00,40495.0,40504.0,0.0,0,1737738396739,1158,0.0,2025-01-25 00:06:36.739000+09:00
2025-01-24 15:06:37.137000+00:00,40497.0,40506.0,0.0,0,1737738397137,1158,0.0,2025-01-25 00:06:37.137000+09:00
2025-01-24 15:06:37.637000+00:00,40500.0,40509.0,0.0,0,1737738397637,1158,0.0,2025-01-25 00:06:37.637000+09:00
2025-01-24 15:06:38.638000+00:00,40502.0,40511.0,0.0,0,1737738398638,1158,0.0,2025-01-25 00:06:38.638000+09:00
2025-01-24 15:06:39.837000+00:00,40505.0,40514.0,0.0,0,1737738399837,1158,0.0,2025-01-25 00:06:39.837000+09:00
2025-01-24 15:06:39.937000+00:00,40507.0,40516.0,0.0,0,1737738399937,1158,0.0,2025-01-25 00:06:39.937000+09:00
2025-01-24 15:06:40.438000+00:00,40505.0,40514.0,0.0,0,1737738400438,1158,0.0,2025-01-25 00:06:40.438000+09:00
2025-01-24 15:06:40.538000+00:00,40507.0,40516.0,0.0,0,1737738400538,1158,0.0,2025-01-25 00:06:40.538000+09:00
2025-01-24 15:06:41.637000+00:00,40510.0,40519.0,0.0,0,1737738401637,1158,0.0,2025-01-25 00:06:41.637000+09:00
2025-01-24 15:06:42.538000+00:00,40507.0,40516.0,0.0,0,1737738402538,1158,0.0,2025-01-25 00:06:42.538000+09:00
2025-01-24 15:06:42.737000+00:00,40510.0,40519.0,0.0,0,1737738402737,1158,0.0,2025-01-25 00:06:42.737000+09:00
2025-01-24 15:06:43.239000+00:00,40507.0,40516.0,0.0,0,1737738403239,1158,0.0,2025-01-25 00:06:43.239000+09:00
2025-01-24 15:06:43.537000+00:00,40510.0,40519.0,0.0,0,1737738403537,1158,0.0,2025-01-25 00:06:43.537000+09:00
2025-01-24 15:06:43.637000+00:00,40507.0,40516.0,0.0,0,1737738403637,1158,0.0,2025-01-25 00:06:43.637000+09:00
2025-01-24 15:06:45.038000+00:00,40512.0,40521.0,0.0,0,1737738405038,1158,0.0,2025-01-25 00:06:45.038000+09:00
2025-01-24 15:06:45.240000+00:00,40510.0,40519.0,0.0,0,1737738405240,1158,0.0,2025-01-25 00:06:45.240000+09:00
2025-01-24 15:06:45.839000+00:00,40512.0,40521.0,0.0,0,1737738405839,1158,0.0,2025-01-25 00:06:45.839000+09:00
2025-01-24 15:06:46.240000+00:00,40515.0,40524.0,0.0,0,1737738406240,1158,0.0,2025-01-25 00:06:46.240000+09:00
2025-01-24 15:06:46.640000+00:00,40517.0,40526.0,0.0,0,1737738406640,1158,0.0,2025-01-25 00:06:46.640000+09:00
2025-01-24 15:06:47.542000+00:00,40520.0,40529.0,0.0,0,1737738407542,1158,0.0,2025-01-25 00:06:47.542000+09:00
2025-01-24 15:06:47.741000+00:00,40517.0,40526.0,0.0,0,1737738407741,1158,0.0,2025-01-25 00:06:47.741000+09:00
2025-01-24 15:06:50.747000+00:00,40522.0,40531.0,0.0,0,1737738410747,1158,0.0,2025-01-25 00:06:50.747000+09:00
2025-01-24 15:06:50.945000+00:00,40520.0,40529.0,0.0,0,1737738410945,1158,0.0,2025-01-25 00:06:50.945000+09:00
2025-01-24 15:06:51.245000+00:00,40517.0,40526.0,0.0,0,1737738411245,1158,0.0,2025-01-25 00:06:51.245000+09:00
2025-01-24 15:06:51.946000+00:00,40520.0,40529.0,0.0,0,1737738411946,1158,0.0,2025-01-25 00:06:51.946000+09:00
2025-01-24 15:06:52.645000+00:00,40522.0,40531.0,0.0,0,1737738412645,1158,0.0,2025-01-25 00:06:52.645000+09:00
2025-01-24 15:06:52.947000+00:00,40520.0,40529.0,0.0,0,1737738412947,1158,0.0,2025-01-25 00:06:52.947000+09:00
2025-01-24 15:06:53.147000+00:00,40517.0,40526.0,0.0,0,1737738413147,1158,0.0,2025-01-25 00:06:53.147000+09:00
2025-01-24 15:06:53.251000+00:00,40520.0,40529.0,0.0,0,1737738413251,1158,0.0,2025-01-25 00:06:53.251000+09:00
2025-01-24 15:06:54.152000+00:00,40522.0,40531.0,0.0,0,1737738414152,1158,0.0,2025-01-25 00:06:54.152000+09:00
2025-01-24 15:06:54.350000+00:00,40520.0,40529.0,0.0,0,1737738414350,1158,0.0,2025-01-25 00:06:54.350000+09:00
2025-01-24 15:06:54.552000+00:00,40517.0,40526.0,0.0,0,1737738414552,1158,0.0,2025-01-25 00:06:54.552000+09:00
2025-01-24 15:06:54.750000+00:00,40520.0,40529.0,0.0,0,1737738414750,1158,0.0,2025-01-25 00:06:54.750000+09:00
2025-01-24 15:06:54.951000+00:00,40522.0,40531.0,0.0,0,1737738414951,1158,0.0,2025-01-25 00:06:54.951000+09:00
2025-01-24 15:06:55.554000+00:00,40525.0,40534.0,0.0,0,1737738415554,1158,0.0,2025-01-25 00:06:55.554000+09:00
2025-01-24 15:06:56.554000+00:00,40522.0,40531.0,0.0,0,1737738416554,1158,0.0,2025-01-25 00:06:56.554000+09:00
2025-01-24 15:06:56.754000+00:00,40525.0,40534.0,0.0,0,1737738416754,1158,0.0,2025-01-25 00:06:56.754000+09:00
2025-01-24 15:06:57.354000+00:00,40522.0,40531.0,0.0,0,1737738417354,1158,0.0,2025-01-25 00:06:57.354000+09:00
2025-01-24 15:06:57.453000+00:00,40525.0,40534.0,0.0,0,1737738417453,1158,0.0,2025-01-25 00:06:57.453000+09:00
2025-01-24 15:06:57.755000+00:00,40522.0,40531.0,0.0,0,1737738417755,1158,0.0,2025-01-25 00:06:57.755000+09:00
2025-01-24 15:06:58.356000+00:00,40520.0,40529.0,0.0,0,1737738418356,1158,0.0,2025-01-25 00:06:58.356000+09:00
2025-01-24 15:06:58.457000+00:00,40517.0,40526.0,0.0,0,1737738418457,1158,0.0,2025-01-25 00:06:58.457000+09:00
2025-01-24 15:06:58.657000+00:00,40520.0,40529.0,0.0,0,1737738418657,1158,0.0,2025-01-25 00:06:58.657000+09:00
2025-01-24 15:06:58.857000+00:00,40522.0,40531.0,0.0,0,1737738418857,1158,0.0,2025-01-25 00:06:58.857000+09:00
2025-01-24 15:06:59.058000+00:00,40520.0,40529.0,0.0,0,1737738419058,1158,0.0,2025-01-25 00:06:59.058000+09:00
2025-01-24 15:06:59.458000+00:00,40522.0,40531.0,0.0,0,1737738419458,1158,0.0,2025-01-25 00:06:59.458000+09:00
2025-01-24 15:06:59.957000+00:00,40520.0,40529.0,0.0,0,1737738419957,1158,0.0,2025-01-25 00:06:59.957000+09:00
2025-01-24 15:07:00.257000+00:00,40517.0,40526.0,0.0,0,1737738420257,1158,0.0,2025-01-25 00:07:00.257000+09:00
2025-01-24 15:07:00.459000+00:00,40520.0,40529.0,0.0,0,1737738420459,1158,0.0,2025-01-25 00:07:00.459000+09:00
2025-01-24 15:07:00.859000+00:00,40522.0,40531.0,0.0,0,1737738420859,1158,0.0,2025-01-25 00:07:00.859000+09:00
2025-01-24 15:07:01.359000+00:00,40520.0,40529.0,0.0,0,1737738421359,1158,0.0,2025-01-25 00:07:01.359000+09:00
2025-01-24 15:07:01.458000+00:00,40522.0,40531.0,0.0,0,1737738421458,1158,0.0,2025-01-25 00:07:01.458000+09:00
2025-01-24 15:07:03.861000+00:00,40525.0,40534.0,0.0,0,1737738423861,1158,0.0,2025-01-25 00:07:03.861000+09:00
2025-01-24 15:07:03.961000+00:00,40527.0,40536.0,0.0,0,1737738423961,1158,0.0,2025-01-25 00:07:03.961000+09:00
2025-01-24 15:07:05.164000+00:00,40530.0,40539.0,0.0,0,1737738425164,1158,0.0,2025-01-25 00:07:05.164000+09:00
2025-01-24 15:07:06.067000+00:00,40527.0,40536.0,0.0,0,1737738426067,1158,0.0,2025-01-25 00:07:06.067000+09:00
2025-01-24 15:07:06.165000+00:00,40530.0,40539.0,0.0,0,1737738426165,1158,0.0,2025-01-25 00:07:06.165000+09:00
2025-01-24 15:07:06.564000+00:00,40532.0,40541.0,0.0,0,1737738426564,1158,0.0,2025-01-25 00:07:06.564000+09:00
2025-01-24 15:07:07.464000+00:00,40527.0,40536.0,0.0,0,1737738427464,1158,0.0,2025-01-25 00:07:07.464000+09:00
2025-01-24 15:07:08.466000+00:00,40530.0,40539.0,0.0,0,1737738428466,1158,0.0,2025-01-25 00:07:08.466000+09:00
2025-01-24 15:07:08.567000+00:00,40527.0,40536.0,0.0,0,1737738428567,1158,0.0,2025-01-25 00:07:08.567000+09:00
2025-01-24 15:07:08.967000+00:00,40530.0,40539.0,0.0,0,1737738428967,1158,0.0,2025-01-25 00:07:08.967000+09:00
2025-01-24 15:07:09.069000+00:00,40527.0,40536.0,0.0,0,1737738429069,1158,0.0,2025-01-25 00:07:09.069000+09:00
2025-01-24 15:07:09.267000+00:00,40530.0,40539.0,0.0,0,1737738429267,1158,0.0,2025-01-25 00:07:09.267000+09:00
2025-01-24 15:07:10.167000+00:00,40527.0,40536.0,0.0,0,1737738430167,1158,0.0,2025-01-25 00:07:10.167000+09:00
2025-01-24 15:07:12.471000+00:00,40525.0,40534.0,0.0,0,1737738432471,1158,0.0,2025-01-25 00:07:12.471000+09:00
2025-01-24 15:07:12.571000+00:00,40522.0,40531.0,0.0,0,1737738432571,1158,0.0,2025-01-25 00:07:12.571000+09:00
2025-01-24 15:07:12.971000+00:00,40527.0,40536.0,0.0,0,1737738432971,1158,0.0,2025-01-25 00:07:12.971000+09:00
2025-01-24 15:07:13.670000+00:00,40525.0,40534.0,0.0,0,1737738433670,1158,0.0,2025-01-25 00:07:13.670000+09:00
2025-01-24 15:07:13.771000+00:00,40527.0,40536.0,0.0,0,1737738433771,1158,0.0,2025-01-25 00:07:13.771000+09:00
2025-01-24 15:07:13.870000+00:00,40525.0,40534.0,0.0,0,1737738433870,1158,0.0,2025-01-25 00:07:13.870000+09:00
2025-01-24 15:07:13.970000+00:00,40527.0,40536.0,0.0,0,1737738433970,1158,0.0,2025-01-25 00:07:13.970000+09:00
2025-01-24 15:07:14.470000+00:00,40525.0,40534.0,0.0,0,1737738434470,1158,0.0,2025-01-25 00:07:14.470000+09:00
2025-01-24 15:07:14.669000+00:00,40527.0,40536.0,0.0,0,1737738434669,1158,0.0,2025-01-25 00:07:14.669000+09:00
2025-01-24 15:07:15.071000+00:00,40530.0,40539.0,0.0,0,1737738435071,1158,0.0,2025-01-25 00:07:15.071000+09:00
2025-01-24 15:07:15.172000+00:00,40532.0,40541.0,0.0,0,1737738435172,1158,0.0,2025-01-25 00:07:15.172000+09:00
2025-01-24 15:07:16.774000+00:00,40535.0,40544.0,0.0,0,1737738436774,1158,0.0,2025-01-25 00:07:16.774000+09:00
2025-01-24 15:07:16.971000+00:00,40532.0,40541.0,0.0,0,1737738436971,1158,0.0,2025-01-25 00:07:16.971000+09:00
2025-01-24 15:07:21.276000+00:00,40530.0,40539.0,0.0,0,1737738441276,1158,0.0,2025-01-25 00:07:21.276000+09:00
2025-01-24 15:07:21.577000+00:00,40527.0,40536.0,0.0,0,1737738441577,1158,0.0,2025-01-25 00:07:21.577000+09:00
2025-01-24 15:07:21.677000+00:00,40525.0,40534.0,0.0,0,1737738441677,1158,0.0,2025-01-25 00:07:21.677000+09:00
2025-01-24 15:07:23.481000+00:00,40522.0,40531.0,0.0,0,1737738443481,1158,0.0,2025-01-25 00:07:23.481000+09:00
2025-01-24 15:07:24.581000+00:00,40520.0,40529.0,0.0,0,1737738444581,1158,0.0,2025-01-25 00:07:24.581000+09:00
2025-01-24 15:07:24.681000+00:00,40517.0,40526.0,0.0,0,1737738444681,1158,0.0,2025-01-25 00:07:24.681000+09:00
2025-01-24 15:07:24.881000+00:00,40515.0,40524.0,0.0,0,1737738444881,1158,0.0,2025-01-25 00:07:24.881000+09:00
2025-01-24 15:07:25.384000+00:00,40517.0,40526.0,0.0,0,1737738445384,1158,0.0,2025-01-25 00:07:25.384000+09:00
2025-01-24 15:07:25.684000+00:00,40515.0,40524.0,0.0,0,1737738445684,1158,0.0,2025-01-25 00:07:25.684000+09:00
2025-01-24 15:07:25.987000+00:00,40517.0,40526.0,0.0,0,1737738445987,1158,0.0,2025-01-25 00:07:25.987000+09:00
2025-01-24 15:07:26.386000+00:00,40515.0,40524.0,0.0,0,1737738446386,1158,0.0,2025-01-25 00:07:26.386000+09:00
2025-01-24 15:07:26.486000+00:00,40517.0,40526.0,0.0,0,1737738446486,1158,0.0,2025-01-25 00:07:26.486000+09:00
2025-01-24 15:07:27.687000+00:00,40520.0,40529.0,0.0,0,1737738447687,1158,0.0,2025-01-25 00:07:27.687000+09:00
2025-01-24 15:07:29.589000+00:00,40522.0,40531.0,0.0,0,1737738449589,1158,0.0,2025-01-25 00:07:29.589000+09:00
2025-01-24 15:07:32.293000+00:00,40525.0,40534.0,0.0,0,1737738452293,1158,0.0,2025-01-25 00:07:32.293000+09:00
2025-01-24 15:07:32.592000+00:00,40527.0,40536.0,0.0,0,1737738452592,1158,0.0,2025-01-25 00:07:32.592000+09:00
2025-01-24 15:07:33.294000+00:00,40522.0,40531.0,0.0,0,1737738453294,1158,0.0,2025-01-25 00:07:33.294000+09:00
2025-01-24 15:07:34.093000+00:00,40520.0,40529.0,0.0,0,1737738454093,1158,0.0,2025-01-25 00:07:34.093000+09:00
2025-01-24 15:07:34.495000+00:00,40517.0,40526.0,0.0,0,1737738454495,1158,0.0,2025-01-25 00:07:34.495000+09:00
2025-01-24 15:07:35.195000+00:00,40520.0,40529.0,0.0,0,1737738455195,1158,0.0,2025-01-25 00:07:35.195000+09:00
2025-01-24 15:07:35.595000+00:00,40517.0,40526.0,0.0,0,1737738455595,1158,0.0,2025-01-25 00:07:35.595000+09:00
2025-01-24 15:07:36.094000+00:00,40522.0,40531.0,0.0,0,1737738456094,1158,0.0,2025-01-25 00:07:36.094000+09:00
2025-01-24 15:07:37.694000+00:00,40520.0,40529.0,0.0,0,1737738457694,1158,0.0,2025-01-25 00:07:37.694000+09:00
2025-01-24 15:07:37.793000+00:00,40522.0,40531.0,0.0,0,1737738457793,1158,0.0,2025-01-25 00:07:37.793000+09:00
2025-01-24 15:07:39.695000+00:00,40525.0,40534.0,0.0,0,1737738459695,1158,0.0,2025-01-25 00:07:39.695000+09:00
2025-01-24 15:07:39.795000+00:00,40522.0,40531.0,0.0,0,1737738459795,1158,0.0,2025-01-25 00:07:39.795000+09:00
2025-01-24 15:07:40.199000+00:00,40517.0,40526.0,0.0,0,1737738460199,1158,0.0,2025-01-25 00:07:40.199000+09:00
2025-01-24 15:07:40.796000+00:00,40520.0,40529.0,0.0,0,1737738460796,1158,0.0,2025-01-25 00:07:40.796000+09:00
2025-01-24 15:07:40.996000+00:00,40522.0,40531.0,0.0,0,1737738460996,1158,0.0,2025-01-25 00:07:40.996000+09:00
2025-01-24 15:07:46.304000+00:00,40520.0,40529.0,0.0,0,1737738466304,1158,0.0,2025-01-25 00:07:46.304000+09:00
2025-01-24 15:07:46.705000+00:00,40522.0,40531.0,0.0,0,1737738466705,1158,0.0,2025-01-25 00:07:46.705000+09:00
2025-01-24 15:07:47.207000+00:00,40520.0,40529.0,0.0,0,1737738467207,1158,0.0,2025-01-25 00:07:47.207000+09:00
2025-01-24 15:07:47.407000+00:00,40522.0,40531.0,0.0,0,1737738467407,1158,0.0,2025-01-25 00:07:47.407000+09:00
2025-01-24 15:07:47.607000+00:00,40520.0,40529.0,0.0,0,1737738467607,1158,0.0,2025-01-25 00:07:47.607000+09:00
2025-01-24 15:07:47.906000+00:00,40522.0,40531.0,0.0,0,1737738467906,1158,0.0,2025-01-25 00:07:47.906000+09:00
2025-01-24 15:07:48.108000+00:00,40520.0,40529.0,0.0,0,1737738468108,1158,0.0,2025-01-25 00:07:48.108000+09:00
2025-01-24 15:07:48.208000+00:00,40522.0,40531.0,0.0,0,1737738468208,1158,0.0,2025-01-25 00:07:48.208000+09:00
2025-01-24 15:07:48.606000+00:00,40520.0,40529.0,0.0,0,1737738468606,1158,0.0,2025-01-25 00:07:48.606000+09:00
2025-01-24 15:07:48.708000+00:00,40522.0,40531.0,0.0,0,1737738468708,1158,0.0,2025-01-25 00:07:48.708000+09:00
2025-01-24 15:07:48.808000+00:00,40520.0,40529.0,0.0,0,1737738468808,1158,0.0,2025-01-25 00:07:48.808000+09:00
2025-01-24 15:07:49.010000+00:00,40522.0,40531.0,0.0,0,1737738469010,1158,0.0,2025-01-25 00:07:49.010000+09:00
2025-01-24 15:07:51.713000+00:00,40520.0,40529.0,0.0,0,1737738471713,1158,0.0,2025-01-25 00:07:51.713000+09:00
2025-01-24 15:07:52.316000+00:00,40522.0,40531.0,0.0,0,1737738472316,1158,0.0,2025-01-25 00:07:52.316000+09:00
2025-01-24 15:07:52.616000+00:00,40525.0,40534.0,0.0,0,1737738472616,1158,0.0,2025-01-25 00:07:52.616000+09:00
2025-01-24 15:07:53.419000+00:00,40527.0,40536.0,0.0,0,1737738473419,1158,0.0,2025-01-25 00:07:53.419000+09:00
2025-01-24 15:07:54.519000+00:00,40522.0,40531.0,0.0,0,1737738474519,1158,0.0,2025-01-25 00:07:54.519000+09:00
2025-01-24 15:07:55.022000+00:00,40527.0,40536.0,0.0,0,1737738475022,1158,0.0,2025-01-25 00:07:55.022000+09:00
2025-01-24 15:07:55.221000+00:00,40525.0,40534.0,0.0,0,1737738475221,1158,0.0,2025-01-25 00:07:55.221000+09:00
2025-01-24 15:07:55.721000+00:00,40527.0,40536.0,0.0,0,1737738475721,1158,0.0,2025-01-25 00:07:55.721000+09:00
2025-01-24 15:07:56.423000+00:00,40525.0,40534.0,0.0,0,1737738476423,1158,0.0,2025-01-25 00:07:56.423000+09:00
2025-01-24 15:07:56.624000+00:00,40527.0,40536.0,0.0,0,1737738476624,1158,0.0,2025-01-25 00:07:56.624000+09:00
2025-01-24 15:07:58.024000+00:00,40525.0,40534.0,0.0,0,1737738478024,1158,0.0,2025-01-25 00:07:58.024000+09:00
2025-01-24 15:07:58.123000+00:00,40527.0,40536.0,0.0,0,1737738478123,1158,0.0,2025-01-25 00:07:58.123000+09:00
2025-01-24 15:07:59.225000+00:00,40525.0,40534.0,0.0,0,1737738479225,1158,0.0,2025-01-25 00:07:59.225000+09:00
2025-01-24 15:07:59.324000+00:00,40522.0,40531.0,0.0,0,1737738479324,1158,0.0,2025-01-25 00:07:59.324000+09:00
2025-01-24 15:08:00.927000+00:00,40525.0,40534.0,0.0,0,1737738480927,1158,0.0,2025-01-25 00:08:00.927000+09:00
2025-01-24 15:08:01.028000+00:00,40522.0,40531.0,0.0,0,1737738481028,1158,0.0,2025-01-25 00:08:01.028000+09:00
2025-01-24 15:08:01.928000+00:00,40520.0,40529.0,0.0,0,1737738481928,1158,0.0,2025-01-25 00:08:01.928000+09:00
2025-01-24 15:08:02.028000+00:00,40522.0,40531.0,0.0,0,1737738482028,1158,0.0,2025-01-25 00:08:02.028000+09:00
2025-01-24 15:08:02.128000+00:00,40517.0,40526.0,0.0,0,1737738482128,1158,0.0,2025-01-25 00:08:02.128000+09:00
2025-01-24 15:08:02.426000+00:00,40522.0,40531.0,0.0,0,1737738482426,1158,0.0,2025-01-25 00:08:02.426000+09:00
2025-01-24 15:08:02.527000+00:00,40520.0,40529.0,0.0,0,1737738482527,1158,0.0,2025-01-25 00:08:02.527000+09:00
2025-01-24 15:08:02.926000+00:00,40522.0,40531.0,0.0,0,1737738482926,1158,0.0,2025-01-25 00:08:02.926000+09:00
2025-01-24 15:08:03.127000+00:00,40520.0,40529.0,0.0,0,1737738483127,1158,0.0,2025-01-25 00:08:03.127000+09:00
2025-01-24 15:08:03.327000+00:00,40522.0,40531.0,0.0,0,1737738483327,1158,0.0,2025-01-25 00:08:03.327000+09:00
2025-01-24 15:08:03.930000+00:00,40520.0,40529.0,0.0,0,1737738483930,1158,0.0,2025-01-25 00:08:03.930000+09:00
2025-01-24 15:08:04.129000+00:00,40522.0,40531.0,0.0,0,1737738484129,1158,0.0,2025-01-25 00:08:04.129000+09:00
2025-01-24 15:08:05.735000+00:00,40520.0,40529.0,0.0,0,1737738485735,1158,0.0,2025-01-25 00:08:05.735000+09:00
2025-01-24 15:08:05.834000+00:00,40517.0,40526.0,0.0,0,1737738485834,1158,0.0,2025-01-25 00:08:05.834000+09:00
2025-01-24 15:08:06.234000+00:00,40515.0,40524.0,0.0,0,1737738486234,1158,0.0,2025-01-25 00:08:06.234000+09:00
2025-01-24 15:08:06.336000+00:00,40512.0,40521.0,0.0,0,1737738486336,1158,0.0,2025-01-25 00:08:06.336000+09:00
2025-01-24 15:08:06.435000+00:00,40517.0,40526.0,0.0,0,1737738486435,1158,0.0,2025-01-25 00:08:06.435000+09:00
2025-01-24 15:08:06.537000+00:00,40515.0,40524.0,0.0,0,1737738486537,1158,0.0,2025-01-25 00:08:06.537000+09:00
2025-01-24 15:08:07.640000+00:00,40517.0,40526.0,0.0,0,1737738487640,1158,0.0,2025-01-25 00:08:07.640000+09:00
2025-01-24 15:08:08.242000+00:00,40515.0,40524.0,0.0,0,1737738488242,1158,0.0,2025-01-25 00:08:08.242000+09:00
2025-01-24 15:08:08.443000+00:00,40512.0,40521.0,0.0,0,1737738488443,1158,0.0,2025-01-25 00:08:08.443000+09:00
2025-01-24 15:08:09.148000+00:00,40510.0,40519.0,0.0,0,1737738489148,1158,0.0,2025-01-25 00:08:09.148000+09:00
2025-01-24 15:08:09.646000+00:00,40512.0,40521.0,0.0,0,1737738489646,1158,0.0,2025-01-25 00:08:09.646000+09:00
2025-01-24 15:08:09.749000+00:00,40510.0,40519.0,0.0,0,1737738489749,1158,0.0,2025-01-25 00:08:09.749000+09:00
2025-01-24 15:08:10.247000+00:00,40507.0,40516.0,0.0,0,1737738490247,1158,0.0,2025-01-25 00:08:10.247000+09:00
2025-01-24 15:08:10.348000+00:00,40510.0,40519.0,0.0,0,1737738490348,1158,0.0,2025-01-25 00:08:10.348000+09:00
2025-01-24 15:08:10.547000+00:00,40512.0,40521.0,0.0,0,1737738490547,1158,0.0,2025-01-25 00:08:10.547000+09:00
2025-01-24 15:08:10.947000+00:00,40510.0,40519.0,0.0,0,1737738490947,1158,0.0,2025-01-25 00:08:10.947000+09:00
2025-01-24 15:08:11.748000+00:00,40507.0,40516.0,0.0,0,1737738491748,1158,0.0,2025-01-25 00:08:11.748000+09:00
2025-01-24 15:08:13.953000+00:00,40510.0,40519.0,0.0,0,1737738493953,1158,0.0,2025-01-25 00:08:13.953000+09:00
2025-01-24 15:08:14.451000+00:00,40512.0,40521.0,0.0,0,1737738494451,1158,0.0,2025-01-25 00:08:14.451000+09:00
2025-01-24 15:08:14.551000+00:00,40510.0,40519.0,0.0,0,1737738494551,1158,0.0,2025-01-25 00:08:14.551000+09:00
2025-01-24 15:08:14.753000+00:00,40512.0,40521.0,0.0,0,1737738494753,1158,0.0,2025-01-25 00:08:14.753000+09:00
2025-01-24 15:08:15.553000+00:00,40515.0,40524.0,0.0,0,1737738495553,1158,0.0,2025-01-25 00:08:15.553000+09:00
2025-01-24 15:08:15.654000+00:00,40517.0,40526.0,0.0,0,1737738495654,1158,0.0,2025-01-25 00:08:15.654000+09:00
2025-01-24 15:08:15.854000+00:00,40515.0,40524.0,0.0,0,1737738495854,1158,0.0,2025-01-25 00:08:15.854000+09:00
2025-01-24 15:08:16.054000+00:00,40517.0,40526.0,0.0,0,1737738496054,1158,0.0,2025-01-25 00:08:16.054000+09:00
2025-01-24 15:08:16.153000+00:00,40515.0,40524.0,0.0,0,1737738496153,1158,0.0,2025-01-25 00:08:16.153000+09:00
2025-01-24 15:08:16.453000+00:00,40512.0,40521.0,0.0,0,1737738496453,1158,0.0,2025-01-25 00:08:16.453000+09:00
2025-01-24 15:08:16.555000+00:00,40517.0,40526.0,0.0,0,1737738496555,1158,0.0,2025-01-25 00:08:16.555000+09:00
2025-01-24 15:08:16.853000+00:00,40515.0,40524.0,0.0,0,1737738496853,1158,0.0,2025-01-25 00:08:16.853000+09:00
2025-01-24 15:08:16.954000+00:00,40512.0,40521.0,0.0,0,1737738496954,1158,0.0,2025-01-25 00:08:16.954000+09:00
2025-01-24 15:08:18.659000+00:00,40515.0,40524.0,0.0,0,1737738498659,1158,0.0,2025-01-25 00:08:18.659000+09:00
2025-01-24 15:08:19.057000+00:00,40517.0,40526.0,0.0,0,1737738499057,1158,0.0,2025-01-25 00:08:19.057000+09:00
2025-01-24 15:08:19.261000+00:00,40515.0,40524.0,0.0,0,1737738499261,1158,0.0,2025-01-25 00:08:19.261000+09:00
2025-01-24 15:08:20.359000+00:00,40512.0,40521.0,0.0,0,1737738500359,1158,0.0,2025-01-25 00:08:20.359000+09:00
2025-01-24 15:08:21.060000+00:00,40510.0,40519.0,0.0,0,1737738501060,1158,0.0,2025-01-25 00:08:21.060000+09:00
2025-01-24 15:08:21.460000+00:00,40507.0,40516.0,0.0,0,1737738501460,1158,0.0,2025-01-25 00:08:21.460000+09:00
2025-01-24 15:08:21.559000+00:00,40510.0,40519.0,0.0,0,1737738501559,1158,0.0,2025-01-25 00:08:21.559000+09:00
2025-01-24 15:08:22.561000+00:00,40507.0,40516.0,0.0,0,1737738502561,1158,0.0,2025-01-25 00:08:22.561000+09:00
2025-01-24 15:08:23.665000+00:00,40510.0,40519.0,0.0,0,1737738503665,1158,0.0,2025-01-25 00:08:23.665000+09:00
2025-01-24 15:08:24.664000+00:00,40507.0,40516.0,0.0,0,1737738504664,1158,0.0,2025-01-25 00:08:24.664000+09:00
2025-01-24 15:08:24.866000+00:00,40512.0,40521.0,0.0,0,1737738504866,1158,0.0,2025-01-25 00:08:24.866000+09:00
2025-01-24 15:08:25.967000+00:00,40507.0,40516.0,0.0,0,1737738505967,1158,0.0,2025-01-25 00:08:25.967000+09:00
2025-01-24 15:08:27.667000+00:00,40510.0,40519.0,0.0,0,1737738507667,1158,0.0,2025-01-25 00:08:27.667000+09:00
2025-01-24 15:08:27.968000+00:00,40512.0,40521.0,0.0,0,1737738507968,1158,0.0,2025-01-25 00:08:27.968000+09:00
2025-01-24 15:08:29.669000+00:00,40510.0,40519.0,0.0,0,1737738509669,1158,0.0,2025-01-25 00:08:29.669000+09:00
2025-01-24 15:08:29.768000+00:00,40512.0,40521.0,0.0,0,1737738509768,1158,0.0,2025-01-25 00:08:29.768000+09:00
2025-01-24 15:08:29.868000+00:00,40510.0,40519.0,0.0,0,1737738509868,1158,0.0,2025-01-25 00:08:29.868000+09:00
2025-01-24 15:08:30.570000+00:00,40512.0,40521.0,0.0,0,1737738510570,1158,0.0,2025-01-25 00:08:30.570000+09:00
2025-01-24 15:08:30.670000+00:00,40510.0,40519.0,0.0,0,1737738510670,1158,0.0,2025-01-25 00:08:30.670000+09:00
2025-01-24 15:08:31.671000+00:00,40507.0,40516.0,0.0,0,1737738511671,1158,0.0,2025-01-25 00:08:31.671000+09:00
2025-01-24 15:08:32.975000+00:00,40505.0,40514.0,0.0,0,1737738512975,1158,0.0,2025-01-25 00:08:32.975000+09:00
2025-01-24 15:08:33.779000+00:00,40502.0,40511.0,0.0,0,1737738513779,1158,0.0,2025-01-25 00:08:33.779000+09:00
2025-01-24 15:08:34.180000+00:00,40500.0,40509.0,0.0,0,1737738514180,1158,0.0,2025-01-25 00:08:34.180000+09:00
2025-01-24 15:08:34.581000+00:00,40502.0,40511.0,0.0,0,1737738514581,1158,0.0,2025-01-25 00:08:34.581000+09:00
2025-01-24 15:08:34.680000+00:00,40500.0,40509.0,0.0,0,1737738514680,1158,0.0,2025-01-25 00:08:34.680000+09:00
2025-01-24 15:08:34.883000+00:00,40502.0,40511.0,0.0,0,1737738514883,1158,0.0,2025-01-25 00:08:34.883000+09:00
2025-01-24 15:08:35.184000+00:00,40500.0,40509.0,0.0,0,1737738515184,1158,0.0,2025-01-25 00:08:35.184000+09:00
2025-01-24 15:08:35.383000+00:00,40497.0,40506.0,0.0,0,1737738515383,1158,0.0,2025-01-25 00:08:35.383000+09:00
2025-01-24 15:08:35.783000+00:00,40500.0,40509.0,0.0,0,1737738515783,1158,0.0,2025-01-25 00:08:35.783000+09:00
2025-01-24 15:08:35.882000+00:00,40497.0,40506.0,0.0,0,1737738515882,1158,0.0,2025-01-25 00:08:35.882000+09:00
2025-01-24 15:08:39.285000+00:00,40502.0,40511.0,0.0,0,1737738519285,1158,0.0,2025-01-25 00:08:39.285000+09:00
2025-01-24 15:08:39.788000+00:00,40507.0,40516.0,0.0,0,1737738519788,1158,0.0,2025-01-25 00:08:39.788000+09:00
2025-01-24 15:08:39.887000+00:00,40505.0,40514.0,0.0,0,1737738519887,1158,0.0,2025-01-25 00:08:39.887000+09:00
2025-01-24 15:08:39.987000+00:00,40502.0,40511.0,0.0,0,1737738519987,1158,0.0,2025-01-25 00:08:39.987000+09:00
2025-01-24 15:08:40.188000+00:00,40505.0,40514.0,0.0,0,1737738520188,1158,0.0,2025-01-25 00:08:40.188000+09:00
2025-01-24 15:08:40.489000+00:00,40502.0,40511.0,0.0,0,1737738520489,1158,0.0,2025-01-25 00:08:40.489000+09:00
2025-01-24 15:08:40.589000+00:00,40505.0,40514.0,0.0,0,1737738520589,1158,0.0,2025-01-25 00:08:40.589000+09:00
2025-01-24 15:08:40.891000+00:00,40507.0,40516.0,0.0,0,1737738520891,1158,0.0,2025-01-25 00:08:40.891000+09:00
2025-01-24 15:08:42.094000+00:00,40502.0,40511.0,0.0,0,1737738522094,1158,0.0,2025-01-25 00:08:42.094000+09:00
2025-01-24 15:08:43.396000+00:00,40505.0,40514.0,0.0,0,1737738523396,1158,0.0,2025-01-25 00:08:43.396000+09:00
2025-01-24 15:08:43.695000+00:00,40507.0,40516.0,0.0,0,1737738523695,1158,0.0,2025-01-25 00:08:43.695000+09:00
2025-01-24 15:08:43.795000+00:00,40505.0,40514.0,0.0,0,1737738523795,1158,0.0,2025-01-25 00:08:43.795000+09:00
2025-01-24 15:08:44.495000+00:00,40507.0,40516.0,0.0,0,1737738524495,1158,0.0,2025-01-25 00:08:44.495000+09:00
2025-01-24 15:08:45.097000+00:00,40502.0,40511.0,0.0,0,1737738525097,1158,0.0,2025-01-25 00:08:45.097000+09:00
2025-01-24 15:08:47.198000+00:00,40505.0,40514.0,0.0,0,1737738527198,1158,0.0,2025-01-25 00:08:47.198000+09:00
2025-01-24 15:08:47.800000+00:00,40502.0,40511.0,0.0,0,1737738527800,1158,0.0,2025-01-25 00:08:47.800000+09:00
2025-01-24 15:08:47.901000+00:00,40505.0,40514.0,0.0,0,1737738527901,1158,0.0,2025-01-25 00:08:47.901000+09:00
2025-01-24 15:08:48.303000+00:00,40502.0,40511.0,0.0,0,1737738528303,1158,0.0,2025-01-25 00:08:48.303000+09:00
2025-01-24 15:08:49.601000+00:00,40505.0,40514.0,0.0,0,1737738529601,1158,0.0,2025-01-25 00:08:49.601000+09:00
2025-01-24 15:08:49.703000+00:00,40507.0,40516.0,0.0,0,1737738529703,1158,0.0,2025-01-25 00:08:49.703000+09:00
2025-01-24 15:08:49.902000+00:00,40505.0,40514.0,0.0,0,1737738529902,1158,0.0,2025-01-25 00:08:49.902000+09:00
2025-01-24 15:08:50.603000+00:00,40507.0,40516.0,0.0,0,1737738530603,1158,0.0,2025-01-25 00:08:50.603000+09:00
2025-01-24 15:08:51.403000+00:00,40505.0,40514.0,0.0,0,1737738531403,1158,0.0,2025-01-25 00:08:51.403000+09:00
2025-01-24 15:08:51.604000+00:00,40507.0,40516.0,0.0,0,1737738531604,1158,0.0,2025-01-25 00:08:51.604000+09:00
2025-01-24 15:08:52.004000+00:00,40510.0,40519.0,0.0,0,1737738532004,1158,0.0,2025-01-25 00:08:52.004000+09:00
2025-01-24 15:08:52.307000+00:00,40512.0,40521.0,0.0,0,1737738532307,1158,0.0,2025-01-25 00:08:52.307000+09:00
2025-01-24 15:08:53.007000+00:00,40510.0,40519.0,0.0,0,1737738533007,1158,0.0,2025-01-25 00:08:53.007000+09:00
2025-01-24 15:08:53.108000+00:00,40512.0,40521.0,0.0,0,1737738533108,1158,0.0,2025-01-25 00:08:53.108000+09:00
2025-01-24 15:08:53.307000+00:00,40510.0,40519.0,0.0,0,1737738533307,1158,0.0,2025-01-25 00:08:53.307000+09:00
2025-01-24 15:08:54.211000+00:00,40507.0,40516.0,0.0,0,1737738534211,1158,0.0,2025-01-25 00:08:54.211000+09:00
2025-01-24 15:08:54.311000+00:00,40510.0,40519.0,0.0,0,1737738534311,1158,0.0,2025-01-25 00:08:54.311000+09:00
2025-01-24 15:08:54.411000+00:00,40507.0,40516.0,0.0,0,1737738534411,1158,0.0,2025-01-25 00:08:54.411000+09:00
2025-01-24 15:08:54.510000+00:00,40510.0,40519.0,0.0,0,1737738534510,1158,0.0,2025-01-25 00:08:54.510000+09:00
2025-01-24 15:08:55.312000+00:00,40507.0,40516.0,0.0,0,1737738535312,1158,0.0,2025-01-25 00:08:55.312000+09:00
2025-01-24 15:08:59.617000+00:00,40502.0,40511.0,0.0,0,1737738539617,1158,0.0,2025-01-25 00:08:59.617000+09:00
2025-01-24 15:08:59.717000+00:00,40505.0,40514.0,0.0,0,1737738539717,1158,0.0,2025-01-25 00:08:59.717000+09:00
2025-01-24 15:09:00.218000+00:00,40502.0,40511.0,0.0,0,1737738540218,1158,0.0,2025-01-25 00:09:00.218000+09:00
2025-01-24 15:09:01.219000+00:00,40505.0,40514.0,0.0,0,1737738541219,1158,0.0,2025-01-25 00:09:01.219000+09:00
2025-01-24 15:09:01.319000+00:00,40502.0,40511.0,0.0,0,1737738541319,1158,0.0,2025-01-25 00:09:01.319000+09:00
2025-01-24 15:09:01.518000+00:00,40505.0,40514.0,0.0,0,1737738541518,1158,0.0,2025-01-25 00:09:01.518000+09:00
2025-01-24 15:09:01.717000+00:00,40507.0,40516.0,0.0,0,1737738541717,1158,0.0,2025-01-25 00:09:01.717000+09:00
2025-01-24 15:09:03.020000+00:00,40512.0,40521.0,0.0,0,1737738543020,1158,0.0,2025-01-25 00:09:03.020000+09:00
2025-01-24 15:09:04.819000+00:00,40510.0,40519.0,0.0,0,1737738544819,1158,0.0,2025-01-25 00:09:04.819000+09:00
2025-01-24 15:09:04.919000+00:00,40512.0,40521.0,0.0,0,1737738544919,1158,0.0,2025-01-25 00:09:04.919000+09:00
2025-01-24 15:09:05.318000+00:00,40510.0,40519.0,0.0,0,1737738545318,1158,0.0,2025-01-25 00:09:05.318000+09:00
2025-01-24 15:09:06.320000+00:00,40512.0,40521.0,0.0,0,1737738546320,1158,0.0,2025-01-25 00:09:06.320000+09:00
2025-01-24 15:09:06.520000+00:00,40510.0,40519.0,0.0,0,1737738546520,1158,0.0,2025-01-25 00:09:06.520000+09:00
2025-01-24 15:09:06.619000+00:00,40512.0,40521.0,0.0,0,1737738546619,1158,0.0,2025-01-25 00:09:06.619000+09:00
2025-01-24 15:09:06.720000+00:00,40510.0,40519.0,0.0,0,1737738546720,1158,0.0,2025-01-25 00:09:06.720000+09:00
2025-01-24 15:09:06.920000+00:00,40507.0,40516.0,0.0,0,1737738546920,1158,0.0,2025-01-25 00:09:06.920000+09:00
2025-01-24 15:09:07.020000+00:00,40510.0,40519.0,0.0,0,1737738547020,1158,0.0,2025-01-25 00:09:07.020000+09:00
2025-01-24 15:09:07.521000+00:00,40507.0,40516.0,0.0,0,1737738547521,1158,0.0,2025-01-25 00:09:07.521000+09:00
2025-01-24 15:09:08.021000+00:00,40510.0,40519.0,0.0,0,1737738548021,1158,0.0,2025-01-25 00:09:08.021000+09:00
