time,bid,ask,last,volume,time_msc,flags,volume_real,jst
2025-01-24 16:34:00.052000+00:00,21875.0,21876.9,0.0,0,1737743640052,1030,0.0,2025-01-25 01:34:00.052000+09:00
2025-01-24 16:34:00.149000+00:00,21874.9,21876.8,0.0,0,1737743640149,1030,0.0,2025-01-25 01:34:00.149000+09:00
2025-01-24 16:34:00.250000+00:00,21875.2,21877.1,0.0,0,1737743640250,1030,0.0,2025-01-25 01:34:00.250000+09:00
2025-01-24 16:34:00.349000+00:00,21875.1,21877.0,0.0,0,1737743640349,1030,0.0,2025-01-25 01:34:00.349000+09:00
2025-01-24 16:34:00.450000+00:00,21874.9,21876.8,0.0,0,1737743640450,1030,0.0,2025-01-25 01:34:00.450000+09:00
2025-01-24 16:34:00.549000+00:00,21875.1,21877.0,0.0,0,1737743640549,1030,0.0,2025-01-25 01:34:00.549000+09:00
2025-01-24 16:34:00.853000+00:00,21875.4,21877.3,0.0,0,1737743640853,1030,0.0,2025-01-25 01:34:00.853000+09:00
2025-01-24 16:34:01.250000+00:00,21874.9,21876.8,0.0,0,1737743641250,1030,0.0,2025-01-25 01:34:01.250000+09:00
2025-01-24 16:34:01.348000+00:00,21875.1,21877.0,0.0,0,1737743641348,1030,0.0,2025-01-25 01:34:01.348000+09:00
2025-01-24 16:34:01.549000+00:00,21875.4,21877.3,0.0,0,1737743641549,1030,0.0,2025-01-25 01:34:01.549000+09:00
2025-01-24 16:34:01.649000+00:00,21875.1,21877.0,0.0,0,1737743641649,1030,0.0,2025-01-25 01:34:01.649000+09:00
2025-01-24 16:34:01.850000+00:00,21875.0,21876.9,0.0,0,1737743641850,1030,0.0,2025-01-25 01:34:01.850000+09:00
2025-01-24 16:34:01.950000+00:00,21874.9,21876.8,0.0,0,1737743641950,1030,0.0,2025-01-25 01:34:01.950000+09:00
2025-01-24 16:34:02.350000+00:00,21875.0,21876.9,0.0,0,1737743642350,1030,0.0,2025-01-25 01:34:02.350000+09:00
2025-01-24 16:34:02.549000+00:00,21874.9,21876.8,0.0,0,1737743642549,1030,0.0,2025-01-25 01:34:02.549000+09:00
2025-01-24 16:34:02.750000+00:00,21875.1,21877.0,0.0,0,1737743642750,1030,0.0,2025-01-25 01:34:02.750000+09:00
2025-01-24 16:34:02.851000+00:00,21875.2,21877.1,0.0,0,1737743642851,1030,0.0,2025-01-25 01:34:02.851000+09:00
2025-01-24 16:34:02.951000+00:00,21875.4,21877.3,0.0,0,1737743642951,1030,0.0,2025-01-25 01:34:02.951000+09:00
2025-01-24 16:34:03.051000+00:00,21875.7,21877.6,0.0,0,1737743643051,1030,0.0,2025-01-25 01:34:03.051000+09:00
2025-01-24 16:34:03.149000+00:00,21875.6,21877.5,0.0,0,1737743643149,1030,0.0,2025-01-25 01:34:03.149000+09:00
2025-01-24 16:34:03.349000+00:00,21875.4,21877.3,0.0,0,1737743643349,1030,0.0,2025-01-25 01:34:03.349000+09:00
2025-01-24 16:34:03.750000+00:00,21875.5,21877.4,0.0,0,1737743643750,1030,0.0,2025-01-25 01:34:03.750000+09:00
2025-01-24 16:34:04.150000+00:00,21875.6,21877.5,0.0,0,1737743644150,1030,0.0,2025-01-25 01:34:04.150000+09:00
2025-01-24 16:34:04.249000+00:00,21875.4,21877.3,0.0,0,1737743644249,1030,0.0,2025-01-25 01:34:04.249000+09:00
2025-01-24 16:34:05.251000+00:00,21875.6,21877.5,0.0,0,1737743645251,1030,0.0,2025-01-25 01:34:05.251000+09:00
2025-01-24 16:34:05.351000+00:00,21875.5,21877.4,0.0,0,1737743645351,1030,0.0,2025-01-25 01:34:05.351000+09:00
2025-01-24 16:34:05.553000+00:00,21875.6,21877.5,0.0,0,1737743645553,1030,0.0,2025-01-25 01:34:05.553000+09:00
2025-01-24 16:34:05.852000+00:00,21875.4,21877.3,0.0,0,1737743645852,1030,0.0,2025-01-25 01:34:05.852000+09:00
2025-01-24 16:34:05.954000+00:00,21874.9,21876.8,0.0,0,1737743645954,1030,0.0,2025-01-25 01:34:05.954000+09:00
2025-01-24 16:34:06.252000+00:00,21874.6,21876.5,0.0,0,1737743646252,1030,0.0,2025-01-25 01:34:06.252000+09:00
2025-01-24 16:34:06.452000+00:00,21874.9,21876.8,0.0,0,1737743646452,1030,0.0,2025-01-25 01:34:06.452000+09:00
2025-01-24 16:34:06.753000+00:00,21875.0,21876.9,0.0,0,1737743646753,1030,0.0,2025-01-25 01:34:06.753000+09:00
2025-01-24 16:34:06.854000+00:00,21874.9,21876.8,0.0,0,1737743646854,1030,0.0,2025-01-25 01:34:06.854000+09:00
2025-01-24 16:34:07.454000+00:00,21875.0,21876.9,0.0,0,1737743647454,1030,0.0,2025-01-25 01:34:07.454000+09:00
2025-01-24 16:34:07.654000+00:00,21874.6,21876.5,0.0,0,1737743647654,1030,0.0,2025-01-25 01:34:07.654000+09:00
2025-01-24 16:34:08.056000+00:00,21875.1,21877.0,0.0,0,1737743648056,1030,0.0,2025-01-25 01:34:08.056000+09:00
2025-01-24 16:34:08.555000+00:00,21874.9,21876.8,0.0,0,1737743648555,1030,0.0,2025-01-25 01:34:08.555000+09:00
2025-01-24 16:34:08.656000+00:00,21875.1,21877.0,0.0,0,1737743648656,1030,0.0,2025-01-25 01:34:08.656000+09:00
2025-01-24 16:34:08.757000+00:00,21874.7,21876.6,0.0,0,1737743648757,1030,0.0,2025-01-25 01:34:08.757000+09:00
2025-01-24 16:34:08.958000+00:00,21874.9,21876.8,0.0,0,1737743648958,1030,0.0,2025-01-25 01:34:08.958000+09:00
2025-01-24 16:34:09.459000+00:00,21875.1,21877.0,0.0,0,1737743649459,1030,0.0,2025-01-25 01:34:09.459000+09:00
2025-01-24 16:34:09.760000+00:00,21875.0,21876.9,0.0,0,1737743649760,1030,0.0,2025-01-25 01:34:09.760000+09:00
2025-01-24 16:34:10.063000+00:00,21875.1,21877.0,0.0,0,1737743650063,1030,0.0,2025-01-25 01:34:10.063000+09:00
2025-01-24 16:34:10.361000+00:00,21875.4,21877.3,0.0,0,1737743650361,1030,0.0,2025-01-25 01:34:10.361000+09:00
2025-01-24 16:34:10.859000+00:00,21875.5,21877.4,0.0,0,1737743650859,1030,0.0,2025-01-25 01:34:10.859000+09:00
2025-01-24 16:34:11.460000+00:00,21875.9,21877.8,0.0,0,1737743651460,1030,0.0,2025-01-25 01:34:11.460000+09:00
2025-01-24 16:34:11.660000+00:00,21875.6,21877.5,0.0,0,1737743651660,1030,0.0,2025-01-25 01:34:11.660000+09:00
2025-01-24 16:34:12.162000+00:00,21875.7,21877.6,0.0,0,1737743652162,1030,0.0,2025-01-25 01:34:12.162000+09:00
2025-01-24 16:34:12.260000+00:00,21875.6,21877.5,0.0,0,1737743652260,1030,0.0,2025-01-25 01:34:12.260000+09:00
2025-01-24 16:34:12.361000+00:00,21875.9,21877.8,0.0,0,1737743652361,1030,0.0,2025-01-25 01:34:12.361000+09:00
2025-01-24 16:34:12.760000+00:00,21875.6,21877.5,0.0,0,1737743652760,1030,0.0,2025-01-25 01:34:12.760000+09:00
2025-01-24 16:34:12.960000+00:00,21875.7,21877.6,0.0,0,1737743652960,1030,0.0,2025-01-25 01:34:12.960000+09:00
2025-01-24 16:34:13.259000+00:00,21875.6,21877.5,0.0,0,1737743653259,1030,0.0,2025-01-25 01:34:13.259000+09:00
2025-01-24 16:34:13.560000+00:00,21875.7,21877.6,0.0,0,1737743653560,1030,0.0,2025-01-25 01:34:13.560000+09:00
2025-01-24 16:34:13.661000+00:00,21875.6,21877.5,0.0,0,1737743653661,1030,0.0,2025-01-25 01:34:13.661000+09:00
2025-01-24 16:34:13.761000+00:00,21876.0,21877.9,0.0,0,1737743653761,1030,0.0,2025-01-25 01:34:13.761000+09:00
2025-01-24 16:34:13.862000+00:00,21875.9,21877.8,0.0,0,1737743653862,1030,0.0,2025-01-25 01:34:13.862000+09:00
2025-01-24 16:34:13.963000+00:00,21875.6,21877.5,0.0,0,1737743653963,1030,0.0,2025-01-25 01:34:13.963000+09:00
2025-01-24 16:34:14.163000+00:00,21875.9,21877.8,0.0,0,1737743654163,1030,0.0,2025-01-25 01:34:14.163000+09:00
2025-01-24 16:34:14.463000+00:00,21875.6,21877.5,0.0,0,1737743654463,1030,0.0,2025-01-25 01:34:14.463000+09:00
2025-01-24 16:34:14.563000+00:00,21875.7,21877.6,0.0,0,1737743654563,1030,0.0,2025-01-25 01:34:14.563000+09:00
2025-01-24 16:34:14.762000+00:00,21875.6,21877.5,0.0,0,1737743654762,1030,0.0,2025-01-25 01:34:14.762000+09:00
2025-01-24 16:34:14.863000+00:00,21876.0,21877.9,0.0,0,1737743654863,1030,0.0,2025-01-25 01:34:14.863000+09:00
2025-01-24 16:34:14.963000+00:00,21875.9,21877.8,0.0,0,1737743654963,1030,0.0,2025-01-25 01:34:14.963000+09:00
2025-01-24 16:34:15.063000+00:00,21876.0,21877.9,0.0,0,1737743655063,1030,0.0,2025-01-25 01:34:15.063000+09:00
2025-01-24 16:34:15.162000+00:00,21875.9,21877.8,0.0,0,1737743655162,1030,0.0,2025-01-25 01:34:15.162000+09:00
2025-01-24 16:34:15.263000+00:00,21875.7,21877.6,0.0,0,1737743655263,1030,0.0,2025-01-25 01:34:15.263000+09:00
2025-01-24 16:34:15.463000+00:00,21875.6,21877.5,0.0,0,1737743655463,1030,0.0,2025-01-25 01:34:15.463000+09:00
2025-01-24 16:34:15.663000+00:00,21875.2,21877.1,0.0,0,1737743655663,1030,0.0,2025-01-25 01:34:15.663000+09:00
2025-01-24 16:34:15.963000+00:00,21875.4,21877.3,0.0,0,1737743655963,1030,0.0,2025-01-25 01:34:15.963000+09:00
2025-01-24 16:34:16.163000+00:00,21875.1,21877.0,0.0,0,1737743656163,1030,0.0,2025-01-25 01:34:16.163000+09:00
2025-01-24 16:34:16.262000+00:00,21875.4,21877.3,0.0,0,1737743656262,1030,0.0,2025-01-25 01:34:16.262000+09:00
2025-01-24 16:34:16.861000+00:00,21875.6,21877.5,0.0,0,1737743656861,1030,0.0,2025-01-25 01:34:16.861000+09:00
2025-01-24 16:34:16.962000+00:00,21875.5,21877.4,0.0,0,1737743656962,1030,0.0,2025-01-25 01:34:16.962000+09:00
2025-01-24 16:34:17.062000+00:00,21875.4,21877.3,0.0,0,1737743657062,1030,0.0,2025-01-25 01:34:17.062000+09:00
2025-01-24 16:34:17.463000+00:00,21875.5,21877.4,0.0,0,1737743657463,1030,0.0,2025-01-25 01:34:17.463000+09:00
2025-01-24 16:34:17.564000+00:00,21875.4,21877.3,0.0,0,1737743657564,1030,0.0,2025-01-25 01:34:17.564000+09:00
2025-01-24 16:34:17.865000+00:00,21875.2,21877.1,0.0,0,1737743657865,1030,0.0,2025-01-25 01:34:17.865000+09:00
2025-01-24 16:34:17.965000+00:00,21875.4,21877.3,0.0,0,1737743657965,1030,0.0,2025-01-25 01:34:17.965000+09:00
2025-01-24 16:34:18.264000+00:00,21875.5,21877.4,0.0,0,1737743658264,1030,0.0,2025-01-25 01:34:18.264000+09:00
2025-01-24 16:34:18.567000+00:00,21875.4,21877.3,0.0,0,1737743658567,1030,0.0,2025-01-25 01:34:18.567000+09:00
2025-01-24 16:34:18.765000+00:00,21875.2,21877.1,0.0,0,1737743658765,1030,0.0,2025-01-25 01:34:18.765000+09:00
2025-01-24 16:34:18.865000+00:00,21875.4,21877.3,0.0,0,1737743658865,1030,0.0,2025-01-25 01:34:18.865000+09:00
2025-01-24 16:34:19.065000+00:00,21875.5,21877.4,0.0,0,1737743659065,1030,0.0,2025-01-25 01:34:19.065000+09:00
2025-01-24 16:34:19.165000+00:00,21875.4,21877.3,0.0,0,1737743659165,1030,0.0,2025-01-25 01:34:19.165000+09:00
2025-01-24 16:34:19.566000+00:00,21875.5,21877.4,0.0,0,1737743659566,1030,0.0,2025-01-25 01:34:19.566000+09:00
2025-01-24 16:34:19.667000+00:00,21875.9,21877.8,0.0,0,1737743659667,1030,0.0,2025-01-25 01:34:19.667000+09:00
2025-01-24 16:34:19.866000+00:00,21875.7,21877.6,0.0,0,1737743659866,1030,0.0,2025-01-25 01:34:19.866000+09:00
2025-01-24 16:34:19.967000+00:00,21875.6,21877.5,0.0,0,1737743659967,1030,0.0,2025-01-25 01:34:19.967000+09:00
2025-01-24 16:34:20.068000+00:00,21875.7,21877.6,0.0,0,1737743660068,1030,0.0,2025-01-25 01:34:20.068000+09:00
2025-01-24 16:34:20.267000+00:00,21875.9,21877.8,0.0,0,1737743660267,1030,0.0,2025-01-25 01:34:20.267000+09:00
2025-01-24 16:34:20.467000+00:00,21876.4,21878.3,0.0,0,1737743660467,1030,0.0,2025-01-25 01:34:20.467000+09:00
2025-01-24 16:34:20.567000+00:00,21876.1,21878.0,0.0,0,1737743660567,1030,0.0,2025-01-25 01:34:20.567000+09:00
2025-01-24 16:34:20.967000+00:00,21875.9,21877.8,0.0,0,1737743660967,1030,0.0,2025-01-25 01:34:20.967000+09:00
2025-01-24 16:34:21.067000+00:00,21876.2,21878.1,0.0,0,1737743661067,1030,0.0,2025-01-25 01:34:21.067000+09:00
2025-01-24 16:34:21.367000+00:00,21876.4,21878.3,0.0,0,1737743661367,1030,0.0,2025-01-25 01:34:21.367000+09:00
2025-01-24 16:34:21.468000+00:00,21876.6,21878.5,0.0,0,1737743661468,1030,0.0,2025-01-25 01:34:21.468000+09:00
2025-01-24 16:34:21.568000+00:00,21876.5,21878.4,0.0,0,1737743661568,1030,0.0,2025-01-25 01:34:21.568000+09:00
2025-01-24 16:34:21.669000+00:00,21876.6,21878.5,0.0,0,1737743661669,1030,0.0,2025-01-25 01:34:21.669000+09:00
2025-01-24 16:34:21.970000+00:00,21876.4,21878.3,0.0,0,1737743661970,1030,0.0,2025-01-25 01:34:21.970000+09:00
2025-01-24 16:34:22.169000+00:00,21876.7,21878.6,0.0,0,1737743662169,1030,0.0,2025-01-25 01:34:22.169000+09:00
2025-01-24 16:34:22.269000+00:00,21876.6,21878.5,0.0,0,1737743662269,1030,0.0,2025-01-25 01:34:22.269000+09:00
2025-01-24 16:34:22.471000+00:00,21876.4,21878.3,0.0,0,1737743662471,1030,0.0,2025-01-25 01:34:22.471000+09:00
2025-01-24 16:34:22.870000+00:00,21876.2,21878.1,0.0,0,1737743662870,1030,0.0,2025-01-25 01:34:22.870000+09:00
2025-01-24 16:34:22.970000+00:00,21876.1,21878.0,0.0,0,1737743662970,1030,0.0,2025-01-25 01:34:22.970000+09:00
2025-01-24 16:34:23.270000+00:00,21876.4,21878.3,0.0,0,1737743663270,1030,0.0,2025-01-25 01:34:23.270000+09:00
2025-01-24 16:34:23.571000+00:00,21876.2,21878.1,0.0,0,1737743663571,1030,0.0,2025-01-25 01:34:23.571000+09:00
2025-01-24 16:34:23.671000+00:00,21876.1,21878.0,0.0,0,1737743663671,1030,0.0,2025-01-25 01:34:23.671000+09:00
2025-01-24 16:34:23.770000+00:00,21876.4,21878.3,0.0,0,1737743663770,1030,0.0,2025-01-25 01:34:23.770000+09:00
2025-01-24 16:34:24.072000+00:00,21876.2,21878.1,0.0,0,1737743664072,1030,0.0,2025-01-25 01:34:24.072000+09:00
2025-01-24 16:34:24.172000+00:00,21876.0,21877.9,0.0,0,1737743664172,1030,0.0,2025-01-25 01:34:24.172000+09:00
2025-01-24 16:34:24.271000+00:00,21876.2,21878.1,0.0,0,1737743664271,1030,0.0,2025-01-25 01:34:24.271000+09:00
2025-01-24 16:34:24.472000+00:00,21876.5,21878.4,0.0,0,1737743664472,1030,0.0,2025-01-25 01:34:24.472000+09:00
2025-01-24 16:34:24.574000+00:00,21876.4,21878.3,0.0,0,1737743664574,1030,0.0,2025-01-25 01:34:24.574000+09:00
2025-01-24 16:34:24.672000+00:00,21876.6,21878.5,0.0,0,1737743664672,1030,0.0,2025-01-25 01:34:24.672000+09:00
2025-01-24 16:34:24.773000+00:00,21876.7,21878.6,0.0,0,1737743664773,1030,0.0,2025-01-25 01:34:24.773000+09:00
2025-01-24 16:34:24.972000+00:00,21876.6,21878.5,0.0,0,1737743664972,1030,0.0,2025-01-25 01:34:24.972000+09:00
2025-01-24 16:34:25.072000+00:00,21877.5,21879.4,0.0,0,1737743665072,1030,0.0,2025-01-25 01:34:25.072000+09:00
2025-01-24 16:34:25.173000+00:00,21877.6,21879.5,0.0,0,1737743665173,1030,0.0,2025-01-25 01:34:25.173000+09:00
2025-01-24 16:34:25.272000+00:00,21877.4,21879.3,0.0,0,1737743665272,1030,0.0,2025-01-25 01:34:25.272000+09:00
2025-01-24 16:34:25.373000+00:00,21877.0,21878.9,0.0,0,1737743665373,1030,0.0,2025-01-25 01:34:25.373000+09:00
2025-01-24 16:34:25.473000+00:00,21877.1,21879.0,0.0,0,1737743665473,1030,0.0,2025-01-25 01:34:25.473000+09:00
2025-01-24 16:34:25.573000+00:00,21877.0,21878.9,0.0,0,1737743665573,1030,0.0,2025-01-25 01:34:25.573000+09:00
2025-01-24 16:34:25.673000+00:00,21877.1,21879.0,0.0,0,1737743665673,1030,0.0,2025-01-25 01:34:25.673000+09:00
2025-01-24 16:34:26.076000+00:00,21877.0,21878.9,0.0,0,1737743666076,1030,0.0,2025-01-25 01:34:26.076000+09:00
2025-01-24 16:34:26.174000+00:00,21876.7,21878.6,0.0,0,1737743666174,1030,0.0,2025-01-25 01:34:26.174000+09:00
2025-01-24 16:34:26.275000+00:00,21877.1,21879.0,0.0,0,1737743666275,1030,0.0,2025-01-25 01:34:26.275000+09:00
2025-01-24 16:34:26.374000+00:00,21877.4,21879.3,0.0,0,1737743666374,1030,0.0,2025-01-25 01:34:26.374000+09:00
2025-01-24 16:34:26.576000+00:00,21877.5,21879.4,0.0,0,1737743666576,1030,0.0,2025-01-25 01:34:26.576000+09:00
2025-01-24 16:34:26.674000+00:00,21877.6,21879.5,0.0,0,1737743666674,1030,0.0,2025-01-25 01:34:26.674000+09:00
2025-01-24 16:34:26.775000+00:00,21877.5,21879.4,0.0,0,1737743666775,1030,0.0,2025-01-25 01:34:26.775000+09:00
2025-01-24 16:34:26.874000+00:00,21877.4,21879.3,0.0,0,1737743666874,1030,0.0,2025-01-25 01:34:26.874000+09:00
2025-01-24 16:34:27.773000+00:00,21877.5,21879.4,0.0,0,1737743667773,1030,0.0,2025-01-25 01:34:27.773000+09:00
2025-01-24 16:34:27.975000+00:00,21877.6,21879.5,0.0,0,1737743667975,1030,0.0,2025-01-25 01:34:27.975000+09:00
2025-01-24 16:34:28.076000+00:00,21877.7,21879.6,0.0,0,1737743668076,1030,0.0,2025-01-25 01:34:28.076000+09:00
2025-01-24 16:34:28.275000+00:00,21877.2,21879.1,0.0,0,1737743668275,1030,0.0,2025-01-25 01:34:28.275000+09:00
2025-01-24 16:34:28.374000+00:00,21877.4,21879.3,0.0,0,1737743668374,1030,0.0,2025-01-25 01:34:28.374000+09:00
2025-01-24 16:34:28.475000+00:00,21877.1,21879.0,0.0,0,1737743668475,1030,0.0,2025-01-25 01:34:28.475000+09:00
2025-01-24 16:34:28.575000+00:00,21877.4,21879.3,0.0,0,1737743668575,1030,0.0,2025-01-25 01:34:28.575000+09:00
2025-01-24 16:34:28.775000+00:00,21877.5,21879.4,0.0,0,1737743668775,1030,0.0,2025-01-25 01:34:28.775000+09:00
2025-01-24 16:34:29.175000+00:00,21877.4,21879.3,0.0,0,1737743669175,1030,0.0,2025-01-25 01:34:29.175000+09:00
2025-01-24 16:34:30.076000+00:00,21877.5,21879.4,0.0,0,1737743670076,1030,0.0,2025-01-25 01:34:30.076000+09:00
2025-01-24 16:34:30.175000+00:00,21877.6,21879.5,0.0,0,1737743670175,1030,0.0,2025-01-25 01:34:30.175000+09:00
2025-01-24 16:34:30.276000+00:00,21877.7,21879.6,0.0,0,1737743670276,1030,0.0,2025-01-25 01:34:30.276000+09:00
2025-01-24 16:34:30.477000+00:00,21877.6,21879.5,0.0,0,1737743670477,1030,0.0,2025-01-25 01:34:30.477000+09:00
2025-01-24 16:34:30.578000+00:00,21877.9,21879.8,0.0,0,1737743670578,1030,0.0,2025-01-25 01:34:30.578000+09:00
2025-01-24 16:34:30.677000+00:00,21878.0,21879.9,0.0,0,1737743670677,1030,0.0,2025-01-25 01:34:30.677000+09:00
2025-01-24 16:34:30.778000+00:00,21878.4,21880.3,0.0,0,1737743670778,1030,0.0,2025-01-25 01:34:30.778000+09:00
2025-01-24 16:34:31.176000+00:00,21878.2,21880.1,0.0,0,1737743671176,1030,0.0,2025-01-25 01:34:31.176000+09:00
2025-01-24 16:34:31.276000+00:00,21878.4,21880.3,0.0,0,1737743671276,1030,0.0,2025-01-25 01:34:31.276000+09:00
2025-01-24 16:34:31.377000+00:00,21878.1,21880.0,0.0,0,1737743671377,1030,0.0,2025-01-25 01:34:31.377000+09:00
2025-01-24 16:34:31.779000+00:00,21878.4,21880.3,0.0,0,1737743671779,1030,0.0,2025-01-25 01:34:31.779000+09:00
2025-01-24 16:34:31.878000+00:00,21878.2,21880.1,0.0,0,1737743671878,1030,0.0,2025-01-25 01:34:31.878000+09:00
2025-01-24 16:34:31.979000+00:00,21878.1,21880.0,0.0,0,1737743671979,1030,0.0,2025-01-25 01:34:31.979000+09:00
2025-01-24 16:34:32.276000+00:00,21877.9,21879.8,0.0,0,1737743672276,1030,0.0,2025-01-25 01:34:32.276000+09:00
2025-01-24 16:34:32.376000+00:00,21878.0,21879.9,0.0,0,1737743672376,1030,0.0,2025-01-25 01:34:32.376000+09:00
2025-01-24 16:34:32.477000+00:00,21877.9,21879.8,0.0,0,1737743672477,1030,0.0,2025-01-25 01:34:32.477000+09:00
2025-01-24 16:34:32.577000+00:00,21877.6,21879.5,0.0,0,1737743672577,1030,0.0,2025-01-25 01:34:32.577000+09:00
2025-01-24 16:34:32.778000+00:00,21878.0,21879.9,0.0,0,1737743672778,1030,0.0,2025-01-25 01:34:32.778000+09:00
2025-01-24 16:34:32.877000+00:00,21877.7,21879.6,0.0,0,1737743672877,1030,0.0,2025-01-25 01:34:32.877000+09:00
2025-01-24 16:34:33.077000+00:00,21878.0,21879.9,0.0,0,1737743673077,1030,0.0,2025-01-25 01:34:33.077000+09:00
2025-01-24 16:34:33.177000+00:00,21877.9,21879.8,0.0,0,1737743673177,1030,0.0,2025-01-25 01:34:33.177000+09:00
2025-01-24 16:34:33.376000+00:00,21877.7,21879.6,0.0,0,1737743673376,1030,0.0,2025-01-25 01:34:33.376000+09:00
2025-01-24 16:34:33.578000+00:00,21877.9,21879.8,0.0,0,1737743673578,1030,0.0,2025-01-25 01:34:33.578000+09:00
2025-01-24 16:34:33.777000+00:00,21877.7,21879.6,0.0,0,1737743673777,1030,0.0,2025-01-25 01:34:33.777000+09:00
2025-01-24 16:34:33.978000+00:00,21878.0,21879.9,0.0,0,1737743673978,1030,0.0,2025-01-25 01:34:33.978000+09:00
2025-01-24 16:34:34.277000+00:00,21877.9,21879.8,0.0,0,1737743674277,1030,0.0,2025-01-25 01:34:34.277000+09:00
2025-01-24 16:34:34.776000+00:00,21877.6,21879.5,0.0,0,1737743674776,1030,0.0,2025-01-25 01:34:34.776000+09:00
2025-01-24 16:34:35.077000+00:00,21877.9,21879.8,0.0,0,1737743675077,1030,0.0,2025-01-25 01:34:35.077000+09:00
2025-01-24 16:34:35.176000+00:00,21878.0,21879.9,0.0,0,1737743675176,1030,0.0,2025-01-25 01:34:35.176000+09:00
2025-01-24 16:34:35.277000+00:00,21877.6,21879.5,0.0,0,1737743675277,1030,0.0,2025-01-25 01:34:35.277000+09:00
2025-01-24 16:34:35.478000+00:00,21877.2,21879.1,0.0,0,1737743675478,1030,0.0,2025-01-25 01:34:35.478000+09:00
2025-01-24 16:34:35.578000+00:00,21877.1,21879.0,0.0,0,1737743675578,1030,0.0,2025-01-25 01:34:35.578000+09:00
2025-01-24 16:34:35.777000+00:00,21877.0,21878.9,0.0,0,1737743675777,1030,0.0,2025-01-25 01:34:35.777000+09:00
2025-01-24 16:34:35.877000+00:00,21876.6,21878.5,0.0,0,1737743675877,1030,0.0,2025-01-25 01:34:35.877000+09:00
2025-01-24 16:34:35.977000+00:00,21876.5,21878.4,0.0,0,1737743675977,1030,0.0,2025-01-25 01:34:35.977000+09:00
2025-01-24 16:34:36.578000+00:00,21876.4,21878.3,0.0,0,1737743676578,1030,0.0,2025-01-25 01:34:36.578000+09:00
2025-01-24 16:34:36.677000+00:00,21876.6,21878.5,0.0,0,1737743676677,1030,0.0,2025-01-25 01:34:36.677000+09:00
2025-01-24 16:34:37.179000+00:00,21876.7,21878.6,0.0,0,1737743677179,1030,0.0,2025-01-25 01:34:37.179000+09:00
2025-01-24 16:34:37.277000+00:00,21876.9,21878.8,0.0,0,1737743677277,1030,0.0,2025-01-25 01:34:37.277000+09:00
2025-01-24 16:34:37.579000+00:00,21876.6,21878.5,0.0,0,1737743677579,1030,0.0,2025-01-25 01:34:37.579000+09:00
2025-01-24 16:34:37.978000+00:00,21876.9,21878.8,0.0,0,1737743677978,1030,0.0,2025-01-25 01:34:37.978000+09:00
2025-01-24 16:34:38.477000+00:00,21877.4,21879.3,0.0,0,1737743678477,1030,0.0,2025-01-25 01:34:38.477000+09:00
2025-01-24 16:34:38.577000+00:00,21877.6,21879.5,0.0,0,1737743678577,1030,0.0,2025-01-25 01:34:38.577000+09:00
2025-01-24 16:34:38.678000+00:00,21877.7,21879.6,0.0,0,1737743678678,1030,0.0,2025-01-25 01:34:38.678000+09:00
2025-01-24 16:34:39.278000+00:00,21878.1,21880.0,0.0,0,1737743679278,1030,0.0,2025-01-25 01:34:39.278000+09:00
2025-01-24 16:34:39.379000+00:00,21878.0,21879.9,0.0,0,1737743679379,1030,0.0,2025-01-25 01:34:39.379000+09:00
2025-01-24 16:34:39.478000+00:00,21878.1,21880.0,0.0,0,1737743679478,1030,0.0,2025-01-25 01:34:39.478000+09:00
2025-01-24 16:34:39.777000+00:00,21878.4,21880.3,0.0,0,1737743679777,1030,0.0,2025-01-25 01:34:39.777000+09:00
2025-01-24 16:34:39.878000+00:00,21878.2,21880.1,0.0,0,1737743679878,1030,0.0,2025-01-25 01:34:39.878000+09:00
2025-01-24 16:34:40.078000+00:00,21878.1,21880.0,0.0,0,1737743680078,1030,0.0,2025-01-25 01:34:40.078000+09:00
2025-01-24 16:34:40.579000+00:00,21878.4,21880.3,0.0,0,1737743680579,1030,0.0,2025-01-25 01:34:40.579000+09:00
2025-01-24 16:34:41.081000+00:00,21878.5,21880.4,0.0,0,1737743681081,1030,0.0,2025-01-25 01:34:41.081000+09:00
2025-01-24 16:34:41.180000+00:00,21878.2,21880.1,0.0,0,1737743681180,1030,0.0,2025-01-25 01:34:41.180000+09:00
2025-01-24 16:34:41.481000+00:00,21878.4,21880.3,0.0,0,1737743681481,1030,0.0,2025-01-25 01:34:41.481000+09:00
2025-01-24 16:34:41.980000+00:00,21878.5,21880.4,0.0,0,1737743681980,1030,0.0,2025-01-25 01:34:41.980000+09:00
2025-01-24 16:34:42.180000+00:00,21878.4,21880.3,0.0,0,1737743682180,1030,0.0,2025-01-25 01:34:42.180000+09:00
2025-01-24 16:34:42.380000+00:00,21878.2,21880.1,0.0,0,1737743682380,1030,0.0,2025-01-25 01:34:42.380000+09:00
2025-01-24 16:34:42.480000+00:00,21878.4,21880.3,0.0,0,1737743682480,1030,0.0,2025-01-25 01:34:42.480000+09:00
2025-01-24 16:34:42.581000+00:00,21878.6,21880.5,0.0,0,1737743682581,1030,0.0,2025-01-25 01:34:42.581000+09:00
2025-01-24 16:34:42.881000+00:00,21878.5,21880.4,0.0,0,1737743682881,1030,0.0,2025-01-25 01:34:42.881000+09:00
2025-01-24 16:34:42.981000+00:00,21878.4,21880.3,0.0,0,1737743682981,1030,0.0,2025-01-25 01:34:42.981000+09:00
2025-01-24 16:34:43.082000+00:00,21878.6,21880.5,0.0,0,1737743683082,1030,0.0,2025-01-25 01:34:43.082000+09:00
2025-01-24 16:34:43.181000+00:00,21878.4,21880.3,0.0,0,1737743683181,1030,0.0,2025-01-25 01:34:43.181000+09:00
2025-01-24 16:34:43.281000+00:00,21878.6,21880.5,0.0,0,1737743683281,1030,0.0,2025-01-25 01:34:43.281000+09:00
2025-01-24 16:34:43.581000+00:00,21878.4,21880.3,0.0,0,1737743683581,1030,0.0,2025-01-25 01:34:43.581000+09:00
2025-01-24 16:34:43.982000+00:00,21878.6,21880.5,0.0,0,1737743683982,1030,0.0,2025-01-25 01:34:43.982000+09:00
2025-01-24 16:34:44.081000+00:00,21878.5,21880.4,0.0,0,1737743684081,1030,0.0,2025-01-25 01:34:44.081000+09:00
2025-01-24 16:34:44.180000+00:00,21878.4,21880.3,0.0,0,1737743684180,1030,0.0,2025-01-25 01:34:44.180000+09:00
2025-01-24 16:34:44.381000+00:00,21878.2,21880.1,0.0,0,1737743684381,1030,0.0,2025-01-25 01:34:44.381000+09:00
2025-01-24 16:34:44.481000+00:00,21878.4,21880.3,0.0,0,1737743684481,1030,0.0,2025-01-25 01:34:44.481000+09:00
2025-01-24 16:34:44.881000+00:00,21878.7,21880.6,0.0,0,1737743684881,1030,0.0,2025-01-25 01:34:44.881000+09:00
2025-01-24 16:34:44.981000+00:00,21878.6,21880.5,0.0,0,1737743684981,1030,0.0,2025-01-25 01:34:44.981000+09:00
2025-01-24 16:34:45.280000+00:00,21878.2,21880.1,0.0,0,1737743685280,1030,0.0,2025-01-25 01:34:45.280000+09:00
2025-01-24 16:34:45.381000+00:00,21878.4,21880.3,0.0,0,1737743685381,1030,0.0,2025-01-25 01:34:45.381000+09:00
2025-01-24 16:34:45.583000+00:00,21878.2,21880.1,0.0,0,1737743685583,1030,0.0,2025-01-25 01:34:45.583000+09:00
2025-01-24 16:34:45.682000+00:00,21878.4,21880.3,0.0,0,1737743685682,1030,0.0,2025-01-25 01:34:45.682000+09:00
2025-01-24 16:34:45.883000+00:00,21878.0,21879.9,0.0,0,1737743685883,1030,0.0,2025-01-25 01:34:45.883000+09:00
2025-01-24 16:34:45.983000+00:00,21878.1,21880.0,0.0,0,1737743685983,1030,0.0,2025-01-25 01:34:45.983000+09:00
2025-01-24 16:34:46.183000+00:00,21877.6,21879.5,0.0,0,1737743686183,1030,0.0,2025-01-25 01:34:46.183000+09:00
2025-01-24 16:34:46.384000+00:00,21878.1,21880.0,0.0,0,1737743686384,1030,0.0,2025-01-25 01:34:46.384000+09:00
2025-01-24 16:34:46.485000+00:00,21877.9,21879.8,0.0,0,1737743686485,1030,0.0,2025-01-25 01:34:46.485000+09:00
2025-01-24 16:34:46.686000+00:00,21877.7,21879.6,0.0,0,1737743686686,1030,0.0,2025-01-25 01:34:46.686000+09:00
2025-01-24 16:34:46.987000+00:00,21877.6,21879.5,0.0,0,1737743686987,1030,0.0,2025-01-25 01:34:46.987000+09:00
2025-01-24 16:34:47.188000+00:00,21877.5,21879.4,0.0,0,1737743687188,1030,0.0,2025-01-25 01:34:47.188000+09:00
2025-01-24 16:34:47.288000+00:00,21877.6,21879.5,0.0,0,1737743687288,1030,0.0,2025-01-25 01:34:47.288000+09:00
2025-01-24 16:34:47.387000+00:00,21877.9,21879.8,0.0,0,1737743687387,1030,0.0,2025-01-25 01:34:47.387000+09:00
2025-01-24 16:34:47.487000+00:00,21877.7,21879.6,0.0,0,1737743687487,1030,0.0,2025-01-25 01:34:47.487000+09:00
2025-01-24 16:34:47.688000+00:00,21877.9,21879.8,0.0,0,1737743687688,1030,0.0,2025-01-25 01:34:47.688000+09:00
2025-01-24 16:34:47.788000+00:00,21877.7,21879.6,0.0,0,1737743687788,1030,0.0,2025-01-25 01:34:47.788000+09:00
2025-01-24 16:34:48.089000+00:00,21877.9,21879.8,0.0,0,1737743688089,1030,0.0,2025-01-25 01:34:48.089000+09:00
2025-01-24 16:34:49.391000+00:00,21878.1,21880.0,0.0,0,1737743689391,1030,0.0,2025-01-25 01:34:49.391000+09:00
2025-01-24 16:34:49.893000+00:00,21877.7,21879.6,0.0,0,1737743689893,1030,0.0,2025-01-25 01:34:49.893000+09:00
2025-01-24 16:34:50.193000+00:00,21877.5,21879.4,0.0,0,1737743690193,1030,0.0,2025-01-25 01:34:50.193000+09:00
2025-01-24 16:34:50.293000+00:00,21877.7,21879.6,0.0,0,1737743690293,1030,0.0,2025-01-25 01:34:50.293000+09:00
2025-01-24 16:34:50.395000+00:00,21877.6,21879.5,0.0,0,1737743690395,1030,0.0,2025-01-25 01:34:50.395000+09:00
2025-01-24 16:34:50.495000+00:00,21877.7,21879.6,0.0,0,1737743690495,1030,0.0,2025-01-25 01:34:50.495000+09:00
2025-01-24 16:34:50.695000+00:00,21877.6,21879.5,0.0,0,1737743690695,1030,0.0,2025-01-25 01:34:50.695000+09:00
2025-01-24 16:34:50.793000+00:00,21877.5,21879.4,0.0,0,1737743690793,1030,0.0,2025-01-25 01:34:50.793000+09:00
2025-01-24 16:34:50.994000+00:00,21877.7,21879.6,0.0,0,1737743690994,1030,0.0,2025-01-25 01:34:50.994000+09:00
2025-01-24 16:34:51.193000+00:00,21877.6,21879.5,0.0,0,1737743691193,1030,0.0,2025-01-25 01:34:51.193000+09:00
2025-01-24 16:34:51.295000+00:00,21877.5,21879.4,0.0,0,1737743691295,1030,0.0,2025-01-25 01:34:51.295000+09:00
2025-01-24 16:34:51.495000+00:00,21877.4,21879.3,0.0,0,1737743691495,1030,0.0,2025-01-25 01:34:51.495000+09:00
2025-01-24 16:34:52.194000+00:00,21877.0,21878.9,0.0,0,1737743692194,1030,0.0,2025-01-25 01:34:52.194000+09:00
2025-01-24 16:34:52.293000+00:00,21877.1,21879.0,0.0,0,1737743692293,1030,0.0,2025-01-25 01:34:52.293000+09:00
2025-01-24 16:34:52.394000+00:00,21877.2,21879.1,0.0,0,1737743692394,1030,0.0,2025-01-25 01:34:52.394000+09:00
2025-01-24 16:34:52.496000+00:00,21877.1,21879.0,0.0,0,1737743692496,1030,0.0,2025-01-25 01:34:52.496000+09:00
2025-01-24 16:34:53.095000+00:00,21877.4,21879.3,0.0,0,1737743693095,1030,0.0,2025-01-25 01:34:53.095000+09:00
2025-01-24 16:34:53.296000+00:00,21877.2,21879.1,0.0,0,1737743693296,1030,0.0,2025-01-25 01:34:53.296000+09:00
2025-01-24 16:34:53.396000+00:00,21877.1,21879.0,0.0,0,1737743693396,1030,0.0,2025-01-25 01:34:53.396000+09:00
2025-01-24 16:34:53.896000+00:00,21876.9,21878.8,0.0,0,1737743693896,1030,0.0,2025-01-25 01:34:53.896000+09:00
2025-01-24 16:34:54.295000+00:00,21876.7,21878.6,0.0,0,1737743694295,1030,0.0,2025-01-25 01:34:54.295000+09:00
2025-01-24 16:34:54.395000+00:00,21876.1,21878.0,0.0,0,1737743694395,1030,0.0,2025-01-25 01:34:54.395000+09:00
2025-01-24 16:34:54.697000+00:00,21876.4,21878.3,0.0,0,1737743694697,1030,0.0,2025-01-25 01:34:54.697000+09:00
2025-01-24 16:34:54.795000+00:00,21876.1,21878.0,0.0,0,1737743694795,1030,0.0,2025-01-25 01:34:54.795000+09:00
2025-01-24 16:34:55.095000+00:00,21876.4,21878.3,0.0,0,1737743695095,1030,0.0,2025-01-25 01:34:55.095000+09:00
2025-01-24 16:34:55.495000+00:00,21876.2,21878.1,0.0,0,1737743695495,1030,0.0,2025-01-25 01:34:55.495000+09:00
2025-01-24 16:34:55.695000+00:00,21876.5,21878.4,0.0,0,1737743695695,1030,0.0,2025-01-25 01:34:55.695000+09:00
2025-01-24 16:34:55.895000+00:00,21876.4,21878.3,0.0,0,1737743695895,1030,0.0,2025-01-25 01:34:55.895000+09:00
2025-01-24 16:34:55.994000+00:00,21876.2,21878.1,0.0,0,1737743695994,1030,0.0,2025-01-25 01:34:55.994000+09:00
2025-01-24 16:34:56.294000+00:00,21876.5,21878.4,0.0,0,1737743696294,1030,0.0,2025-01-25 01:34:56.294000+09:00
2025-01-24 16:34:56.395000+00:00,21876.2,21878.1,0.0,0,1737743696395,1030,0.0,2025-01-25 01:34:56.395000+09:00
2025-01-24 16:34:56.695000+00:00,21876.4,21878.3,0.0,0,1737743696695,1030,0.0,2025-01-25 01:34:56.695000+09:00
2025-01-24 16:34:56.896000+00:00,21876.2,21878.1,0.0,0,1737743696896,1030,0.0,2025-01-25 01:34:56.896000+09:00
2025-01-24 16:34:56.996000+00:00,21876.4,21878.3,0.0,0,1737743696996,1030,0.0,2025-01-25 01:34:56.996000+09:00
2025-01-24 16:34:57.096000+00:00,21876.2,21878.1,0.0,0,1737743697096,1030,0.0,2025-01-25 01:34:57.096000+09:00
2025-01-24 16:34:57.195000+00:00,21876.1,21878.0,0.0,0,1737743697195,1030,0.0,2025-01-25 01:34:57.195000+09:00
2025-01-24 16:34:57.295000+00:00,21876.0,21877.9,0.0,0,1737743697295,1030,0.0,2025-01-25 01:34:57.295000+09:00
2025-01-24 16:34:57.395000+00:00,21876.1,21878.0,0.0,0,1737743697395,1030,0.0,2025-01-25 01:34:57.395000+09:00
2025-01-24 16:34:57.496000+00:00,21876.2,21878.1,0.0,0,1737743697496,1030,0.0,2025-01-25 01:34:57.496000+09:00
2025-01-24 16:34:57.596000+00:00,21876.1,21878.0,0.0,0,1737743697596,1030,0.0,2025-01-25 01:34:57.596000+09:00
2025-01-24 16:34:57.897000+00:00,21875.5,21877.4,0.0,0,1737743697897,1030,0.0,2025-01-25 01:34:57.897000+09:00
2025-01-24 16:34:57.996000+00:00,21875.6,21877.5,0.0,0,1737743697996,1030,0.0,2025-01-25 01:34:57.996000+09:00
2025-01-24 16:34:58.395000+00:00,21875.7,21877.6,0.0,0,1737743698395,1030,0.0,2025-01-25 01:34:58.395000+09:00
2025-01-24 16:34:58.496000+00:00,21875.6,21877.5,0.0,0,1737743698496,1030,0.0,2025-01-25 01:34:58.496000+09:00
2025-01-24 16:34:58.896000+00:00,21875.4,21877.3,0.0,0,1737743698896,1030,0.0,2025-01-25 01:34:58.896000+09:00
2025-01-24 16:34:59.096000+00:00,21875.0,21876.9,0.0,0,1737743699096,1030,0.0,2025-01-25 01:34:59.096000+09:00
2025-01-24 16:34:59.195000+00:00,21875.1,21877.0,0.0,0,1737743699195,1030,0.0,2025-01-25 01:34:59.195000+09:00
2025-01-24 16:34:59.295000+00:00,21875.2,21877.1,0.0,0,1737743699295,1030,0.0,2025-01-25 01:34:59.295000+09:00
2025-01-24 16:34:59.397000+00:00,21875.1,21877.0,0.0,0,1737743699397,1030,0.0,2025-01-25 01:34:59.397000+09:00
2025-01-24 16:34:59.496000+00:00,21875.2,21877.1,0.0,0,1737743699496,1030,0.0,2025-01-25 01:34:59.496000+09:00
2025-01-24 16:34:59.898000+00:00,21875.4,21877.3,0.0,0,1737743699898,1030,0.0,2025-01-25 01:34:59.898000+09:00
2025-01-24 16:34:59.999000+00:00,21875.9,21877.8,0.0,0,1737743699999,1030,0.0,2025-01-25 01:34:59.999000+09:00
2025-01-24 16:35:00.098000+00:00,21876.1,21878.0,0.0,0,1737743700098,1030,0.0,2025-01-25 01:35:00.098000+09:00
2025-01-24 16:35:00.198000+00:00,21876.0,21877.9,0.0,0,1737743700198,1030,0.0,2025-01-25 01:35:00.198000+09:00
2025-01-24 16:35:00.298000+00:00,21875.7,21877.6,0.0,0,1737743700298,1030,0.0,2025-01-25 01:35:00.298000+09:00
2025-01-24 16:35:00.398000+00:00,21875.6,21877.5,0.0,0,1737743700398,1030,0.0,2025-01-25 01:35:00.398000+09:00
2025-01-24 16:35:00.498000+00:00,21875.7,21877.6,0.0,0,1737743700498,1030,0.0,2025-01-25 01:35:00.498000+09:00
2025-01-24 16:35:00.597000+00:00,21875.4,21877.3,0.0,0,1737743700597,1030,0.0,2025-01-25 01:35:00.597000+09:00
2025-01-24 16:35:00.697000+00:00,21875.5,21877.4,0.0,0,1737743700697,1030,0.0,2025-01-25 01:35:00.697000+09:00
2025-01-24 16:35:00.903000+00:00,21875.4,21877.3,0.0,0,1737743700903,1030,0.0,2025-01-25 01:35:00.903000+09:00
2025-01-24 16:35:00.997000+00:00,21875.6,21877.5,0.0,0,1737743700997,1030,0.0,2025-01-25 01:35:00.997000+09:00
2025-01-24 16:35:01.197000+00:00,21875.4,21877.3,0.0,0,1737743701197,1030,0.0,2025-01-25 01:35:01.197000+09:00
2025-01-24 16:35:01.297000+00:00,21875.2,21877.1,0.0,0,1737743701297,1030,0.0,2025-01-25 01:35:01.297000+09:00
2025-01-24 16:35:01.497000+00:00,21874.7,21876.6,0.0,0,1737743701497,1030,0.0,2025-01-25 01:35:01.497000+09:00
2025-01-24 16:35:01.598000+00:00,21874.9,21876.8,0.0,0,1737743701598,1030,0.0,2025-01-25 01:35:01.598000+09:00
2025-01-24 16:35:01.699000+00:00,21875.1,21877.0,0.0,0,1737743701699,1030,0.0,2025-01-25 01:35:01.699000+09:00
2025-01-24 16:35:01.900000+00:00,21874.9,21876.8,0.0,0,1737743701900,1030,0.0,2025-01-25 01:35:01.900000+09:00
2025-01-24 16:35:02.002000+00:00,21875.1,21877.0,0.0,0,1737743702002,1030,0.0,2025-01-25 01:35:02.002000+09:00
2025-01-24 16:35:02.100000+00:00,21875.2,21877.1,0.0,0,1737743702100,1030,0.0,2025-01-25 01:35:02.100000+09:00
2025-01-24 16:35:02.202000+00:00,21875.1,21877.0,0.0,0,1737743702202,1030,0.0,2025-01-25 01:35:02.202000+09:00
2025-01-24 16:35:02.301000+00:00,21874.9,21876.8,0.0,0,1737743702301,1030,0.0,2025-01-25 01:35:02.301000+09:00
2025-01-24 16:35:02.501000+00:00,21875.0,21876.9,0.0,0,1737743702501,1030,0.0,2025-01-25 01:35:02.501000+09:00
2025-01-24 16:35:02.601000+00:00,21874.1,21876.0,0.0,0,1737743702601,1030,0.0,2025-01-25 01:35:02.601000+09:00
2025-01-24 16:35:02.700000+00:00,21874.4,21876.3,0.0,0,1737743702700,1030,0.0,2025-01-25 01:35:02.700000+09:00
2025-01-24 16:35:02.802000+00:00,21874.5,21876.4,0.0,0,1737743702802,1030,0.0,2025-01-25 01:35:02.802000+09:00
2025-01-24 16:35:03.003000+00:00,21874.6,21876.5,0.0,0,1737743703003,1030,0.0,2025-01-25 01:35:03.003000+09:00
2025-01-24 16:35:03.102000+00:00,21874.5,21876.4,0.0,0,1737743703102,1030,0.0,2025-01-25 01:35:03.102000+09:00
2025-01-24 16:35:03.203000+00:00,21874.4,21876.3,0.0,0,1737743703203,1030,0.0,2025-01-25 01:35:03.203000+09:00
2025-01-24 16:35:03.403000+00:00,21874.6,21876.5,0.0,0,1737743703403,1030,0.0,2025-01-25 01:35:03.403000+09:00
2025-01-24 16:35:03.805000+00:00,21874.4,21876.3,0.0,0,1737743703805,1030,0.0,2025-01-25 01:35:03.805000+09:00
2025-01-24 16:35:03.903000+00:00,21874.5,21876.4,0.0,0,1737743703903,1030,0.0,2025-01-25 01:35:03.903000+09:00
2025-01-24 16:35:04.004000+00:00,21874.6,21876.5,0.0,0,1737743704004,1030,0.0,2025-01-25 01:35:04.004000+09:00
2025-01-24 16:35:04.104000+00:00,21874.5,21876.4,0.0,0,1737743704104,1030,0.0,2025-01-25 01:35:04.104000+09:00
2025-01-24 16:35:04.203000+00:00,21874.6,21876.5,0.0,0,1737743704203,1030,0.0,2025-01-25 01:35:04.203000+09:00
2025-01-24 16:35:04.302000+00:00,21874.9,21876.8,0.0,0,1737743704302,1030,0.0,2025-01-25 01:35:04.302000+09:00
2025-01-24 16:35:04.404000+00:00,21875.1,21877.0,0.0,0,1737743704404,1030,0.0,2025-01-25 01:35:04.404000+09:00
2025-01-24 16:35:04.905000+00:00,21874.7,21876.6,0.0,0,1737743704905,1030,0.0,2025-01-25 01:35:04.905000+09:00
2025-01-24 16:35:05.006000+00:00,21874.6,21876.5,0.0,0,1737743705006,1030,0.0,2025-01-25 01:35:05.006000+09:00
2025-01-24 16:35:05.206000+00:00,21874.5,21876.4,0.0,0,1737743705206,1030,0.0,2025-01-25 01:35:05.206000+09:00
2025-01-24 16:35:05.306000+00:00,21874.4,21876.3,0.0,0,1737743705306,1030,0.0,2025-01-25 01:35:05.306000+09:00
2025-01-24 16:35:05.407000+00:00,21874.6,21876.5,0.0,0,1737743705407,1030,0.0,2025-01-25 01:35:05.407000+09:00
2025-01-24 16:35:05.607000+00:00,21874.4,21876.3,0.0,0,1737743705607,1030,0.0,2025-01-25 01:35:05.607000+09:00
2025-01-24 16:35:05.707000+00:00,21874.0,21875.9,0.0,0,1737743705707,1030,0.0,2025-01-25 01:35:05.707000+09:00
2025-01-24 16:35:05.807000+00:00,21873.9,21875.8,0.0,0,1737743705807,1030,0.0,2025-01-25 01:35:05.807000+09:00
2025-01-24 16:35:06.009000+00:00,21874.0,21875.9,0.0,0,1737743706009,1030,0.0,2025-01-25 01:35:06.009000+09:00
2025-01-24 16:35:06.107000+00:00,21873.7,21875.6,0.0,0,1737743706107,1030,0.0,2025-01-25 01:35:06.107000+09:00
2025-01-24 16:35:06.207000+00:00,21873.9,21875.8,0.0,0,1737743706207,1030,0.0,2025-01-25 01:35:06.207000+09:00
2025-01-24 16:35:06.307000+00:00,21873.4,21875.3,0.0,0,1737743706307,1030,0.0,2025-01-25 01:35:06.307000+09:00
2025-01-24 16:35:06.407000+00:00,21873.9,21875.8,0.0,0,1737743706407,1030,0.0,2025-01-25 01:35:06.407000+09:00
2025-01-24 16:35:06.707000+00:00,21873.7,21875.6,0.0,0,1737743706707,1030,0.0,2025-01-25 01:35:06.707000+09:00
2025-01-24 16:35:06.808000+00:00,21873.9,21875.8,0.0,0,1737743706808,1030,0.0,2025-01-25 01:35:06.808000+09:00
2025-01-24 16:35:06.907000+00:00,21874.0,21875.9,0.0,0,1737743706907,1030,0.0,2025-01-25 01:35:06.907000+09:00
2025-01-24 16:35:07.008000+00:00,21873.9,21875.8,0.0,0,1737743707008,1030,0.0,2025-01-25 01:35:07.008000+09:00
2025-01-24 16:35:07.108000+00:00,21874.1,21876.0,0.0,0,1737743707108,1030,0.0,2025-01-25 01:35:07.108000+09:00
2025-01-24 16:35:07.310000+00:00,21874.4,21876.3,0.0,0,1737743707310,1030,0.0,2025-01-25 01:35:07.310000+09:00
2025-01-24 16:35:07.809000+00:00,21874.0,21875.9,0.0,0,1737743707809,1030,0.0,2025-01-25 01:35:07.809000+09:00
2025-01-24 16:35:07.908000+00:00,21874.1,21876.0,0.0,0,1737743707908,1030,0.0,2025-01-25 01:35:07.908000+09:00
2025-01-24 16:35:08.108000+00:00,21873.6,21875.5,0.0,0,1737743708108,1030,0.0,2025-01-25 01:35:08.108000+09:00
2025-01-24 16:35:08.210000+00:00,21873.2,21875.1,0.0,0,1737743708210,1030,0.0,2025-01-25 01:35:08.210000+09:00
2025-01-24 16:35:08.309000+00:00,21872.4,21874.3,0.0,0,1737743708309,1030,0.0,2025-01-25 01:35:08.309000+09:00
2025-01-24 16:35:08.410000+00:00,21872.7,21874.6,0.0,0,1737743708410,1030,0.0,2025-01-25 01:35:08.410000+09:00
2025-01-24 16:35:08.508000+00:00,21872.4,21874.3,0.0,0,1737743708508,1030,0.0,2025-01-25 01:35:08.508000+09:00
2025-01-24 16:35:08.610000+00:00,21872.1,21874.0,0.0,0,1737743708610,1030,0.0,2025-01-25 01:35:08.610000+09:00
2025-01-24 16:35:08.709000+00:00,21872.5,21874.4,0.0,0,1737743708709,1030,0.0,2025-01-25 01:35:08.709000+09:00
2025-01-24 16:35:08.809000+00:00,21872.4,21874.3,0.0,0,1737743708809,1030,0.0,2025-01-25 01:35:08.809000+09:00
2025-01-24 16:35:09.012000+00:00,21872.6,21874.5,0.0,0,1737743709012,1030,0.0,2025-01-25 01:35:09.012000+09:00
2025-01-24 16:35:09.111000+00:00,21872.7,21874.6,0.0,0,1737743709111,1030,0.0,2025-01-25 01:35:09.111000+09:00
2025-01-24 16:35:09.210000+00:00,21872.9,21874.8,0.0,0,1737743709210,1030,0.0,2025-01-25 01:35:09.210000+09:00
2025-01-24 16:35:09.409000+00:00,21872.4,21874.3,0.0,0,1737743709409,1030,0.0,2025-01-25 01:35:09.409000+09:00
2025-01-24 16:35:09.509000+00:00,21871.9,21873.8,0.0,0,1737743709509,1030,0.0,2025-01-25 01:35:09.509000+09:00
2025-01-24 16:35:09.610000+00:00,21871.1,21873.0,0.0,0,1737743709610,1030,0.0,2025-01-25 01:35:09.610000+09:00
2025-01-24 16:35:09.709000+00:00,21871.2,21873.1,0.0,0,1737743709709,1030,0.0,2025-01-25 01:35:09.709000+09:00
2025-01-24 16:35:09.809000+00:00,21871.1,21873.0,0.0,0,1737743709809,1030,0.0,2025-01-25 01:35:09.809000+09:00
2025-01-24 16:35:09.910000+00:00,21871.4,21873.3,0.0,0,1737743709910,1030,0.0,2025-01-25 01:35:09.910000+09:00
2025-01-24 16:35:10.010000+00:00,21871.5,21873.4,0.0,0,1737743710010,1030,0.0,2025-01-25 01:35:10.010000+09:00
2025-01-24 16:35:10.109000+00:00,21871.4,21873.3,0.0,0,1737743710109,1030,0.0,2025-01-25 01:35:10.109000+09:00
2025-01-24 16:35:10.210000+00:00,21871.2,21873.1,0.0,0,1737743710210,1030,0.0,2025-01-25 01:35:10.210000+09:00
2025-01-24 16:35:10.308000+00:00,21871.1,21873.0,0.0,0,1737743710308,1030,0.0,2025-01-25 01:35:10.308000+09:00
2025-01-24 16:35:10.409000+00:00,21871.4,21873.3,0.0,0,1737743710409,1030,0.0,2025-01-25 01:35:10.409000+09:00
2025-01-24 16:35:10.512000+00:00,21870.9,21872.8,0.0,0,1737743710512,1030,0.0,2025-01-25 01:35:10.512000+09:00
2025-01-24 16:35:10.609000+00:00,21870.6,21872.5,0.0,0,1737743710609,1030,0.0,2025-01-25 01:35:10.609000+09:00
2025-01-24 16:35:10.709000+00:00,21870.9,21872.8,0.0,0,1737743710709,1030,0.0,2025-01-25 01:35:10.709000+09:00
2025-01-24 16:35:10.810000+00:00,21871.1,21873.0,0.0,0,1737743710810,1030,0.0,2025-01-25 01:35:10.810000+09:00
2025-01-24 16:35:10.910000+00:00,21871.2,21873.1,0.0,0,1737743710910,1030,0.0,2025-01-25 01:35:10.910000+09:00
2025-01-24 16:35:11.010000+00:00,21871.6,21873.5,0.0,0,1737743711010,1030,0.0,2025-01-25 01:35:11.010000+09:00
2025-01-24 16:35:11.109000+00:00,21871.9,21873.8,0.0,0,1737743711109,1030,0.0,2025-01-25 01:35:11.109000+09:00
2025-01-24 16:35:11.210000+00:00,21871.7,21873.6,0.0,0,1737743711210,1030,0.0,2025-01-25 01:35:11.210000+09:00
2025-01-24 16:35:11.410000+00:00,21871.9,21873.8,0.0,0,1737743711410,1030,0.0,2025-01-25 01:35:11.410000+09:00
2025-01-24 16:35:11.511000+00:00,21872.2,21874.1,0.0,0,1737743711511,1030,0.0,2025-01-25 01:35:11.511000+09:00
2025-01-24 16:35:11.611000+00:00,21872.1,21874.0,0.0,0,1737743711611,1030,0.0,2025-01-25 01:35:11.611000+09:00
2025-01-24 16:35:11.711000+00:00,21872.4,21874.3,0.0,0,1737743711711,1030,0.0,2025-01-25 01:35:11.711000+09:00
2025-01-24 16:35:12.011000+00:00,21872.1,21874.0,0.0,0,1737743712011,1030,0.0,2025-01-25 01:35:12.011000+09:00
2025-01-24 16:35:12.912000+00:00,21872.4,21874.3,0.0,0,1737743712912,1030,0.0,2025-01-25 01:35:12.912000+09:00
2025-01-24 16:35:13.112000+00:00,21872.1,21874.0,0.0,0,1737743713112,1030,0.0,2025-01-25 01:35:13.112000+09:00
2025-01-24 16:35:13.211000+00:00,21872.2,21874.1,0.0,0,1737743713211,1030,0.0,2025-01-25 01:35:13.211000+09:00
2025-01-24 16:35:13.311000+00:00,21872.4,21874.3,0.0,0,1737743713311,1030,0.0,2025-01-25 01:35:13.311000+09:00
2025-01-24 16:35:13.512000+00:00,21872.6,21874.5,0.0,0,1737743713512,1030,0.0,2025-01-25 01:35:13.512000+09:00
2025-01-24 16:35:13.611000+00:00,21872.4,21874.3,0.0,0,1737743713611,1030,0.0,2025-01-25 01:35:13.611000+09:00
2025-01-24 16:35:14.011000+00:00,21872.2,21874.1,0.0,0,1737743714011,1030,0.0,2025-01-25 01:35:14.011000+09:00
2025-01-24 16:35:14.114000+00:00,21872.0,21873.9,0.0,0,1737743714114,1030,0.0,2025-01-25 01:35:14.114000+09:00
2025-01-24 16:35:14.211000+00:00,21871.9,21873.8,0.0,0,1737743714211,1030,0.0,2025-01-25 01:35:14.211000+09:00
2025-01-24 16:35:14.311000+00:00,21871.6,21873.5,0.0,0,1737743714311,1030,0.0,2025-01-25 01:35:14.311000+09:00
2025-01-24 16:35:14.412000+00:00,21871.4,21873.3,0.0,0,1737743714412,1030,0.0,2025-01-25 01:35:14.412000+09:00
2025-01-24 16:35:14.612000+00:00,21871.6,21873.5,0.0,0,1737743714612,1030,0.0,2025-01-25 01:35:14.612000+09:00
2025-01-24 16:35:14.713000+00:00,21871.7,21873.6,0.0,0,1737743714713,1030,0.0,2025-01-25 01:35:14.713000+09:00
2025-01-24 16:35:14.811000+00:00,21871.6,21873.5,0.0,0,1737743714811,1030,0.0,2025-01-25 01:35:14.811000+09:00
2025-01-24 16:35:15.011000+00:00,21871.7,21873.6,0.0,0,1737743715011,1030,0.0,2025-01-25 01:35:15.011000+09:00
2025-01-24 16:35:15.212000+00:00,21871.6,21873.5,0.0,0,1737743715212,1030,0.0,2025-01-25 01:35:15.212000+09:00
2025-01-24 16:35:15.314000+00:00,21871.7,21873.6,0.0,0,1737743715314,1030,0.0,2025-01-25 01:35:15.314000+09:00
2025-01-24 16:35:15.413000+00:00,21871.9,21873.8,0.0,0,1737743715413,1030,0.0,2025-01-25 01:35:15.413000+09:00
2025-01-24 16:35:15.613000+00:00,21872.6,21874.5,0.0,0,1737743715613,1030,0.0,2025-01-25 01:35:15.613000+09:00
2025-01-24 16:35:15.713000+00:00,21872.2,21874.1,0.0,0,1737743715713,1030,0.0,2025-01-25 01:35:15.713000+09:00
2025-01-24 16:35:15.813000+00:00,21872.4,21874.3,0.0,0,1737743715813,1030,0.0,2025-01-25 01:35:15.813000+09:00
2025-01-24 16:35:16.012000+00:00,21872.1,21874.0,0.0,0,1737743716012,1030,0.0,2025-01-25 01:35:16.012000+09:00
2025-01-24 16:35:16.114000+00:00,21872.2,21874.1,0.0,0,1737743716114,1030,0.0,2025-01-25 01:35:16.114000+09:00
2025-01-24 16:35:16.212000+00:00,21872.4,21874.3,0.0,0,1737743716212,1030,0.0,2025-01-25 01:35:16.212000+09:00
2025-01-24 16:35:16.413000+00:00,21872.2,21874.1,0.0,0,1737743716413,1030,0.0,2025-01-25 01:35:16.413000+09:00
2025-01-24 16:35:16.514000+00:00,21872.4,21874.3,0.0,0,1737743716514,1030,0.0,2025-01-25 01:35:16.514000+09:00
2025-01-24 16:35:16.613000+00:00,21872.2,21874.1,0.0,0,1737743716613,1030,0.0,2025-01-25 01:35:16.613000+09:00
2025-01-24 16:35:16.713000+00:00,21871.9,21873.8,0.0,0,1737743716713,1030,0.0,2025-01-25 01:35:16.713000+09:00
2025-01-24 16:35:16.812000+00:00,21871.6,21873.5,0.0,0,1737743716812,1030,0.0,2025-01-25 01:35:16.812000+09:00
2025-01-24 16:35:16.913000+00:00,21871.9,21873.8,0.0,0,1737743716913,1030,0.0,2025-01-25 01:35:16.913000+09:00
2025-01-24 16:35:17.613000+00:00,21871.7,21873.6,0.0,0,1737743717613,1030,0.0,2025-01-25 01:35:17.613000+09:00
2025-01-24 16:35:17.712000+00:00,21871.5,21873.4,0.0,0,1737743717712,1030,0.0,2025-01-25 01:35:17.712000+09:00
2025-01-24 16:35:17.915000+00:00,21871.6,21873.5,0.0,0,1737743717915,1030,0.0,2025-01-25 01:35:17.915000+09:00
2025-01-24 16:35:18.213000+00:00,21871.5,21873.4,0.0,0,1737743718213,1030,0.0,2025-01-25 01:35:18.213000+09:00
2025-01-24 16:35:18.412000+00:00,21871.6,21873.5,0.0,0,1737743718412,1030,0.0,2025-01-25 01:35:18.412000+09:00
2025-01-24 16:35:18.615000+00:00,21871.5,21873.4,0.0,0,1737743718615,1030,0.0,2025-01-25 01:35:18.615000+09:00
2025-01-24 16:35:18.716000+00:00,21871.4,21873.3,0.0,0,1737743718716,1030,0.0,2025-01-25 01:35:18.716000+09:00
2025-01-24 16:35:19.314000+00:00,21871.5,21873.4,0.0,0,1737743719314,1030,0.0,2025-01-25 01:35:19.314000+09:00
2025-01-24 16:35:19.413000+00:00,21871.4,21873.3,0.0,0,1737743719413,1030,0.0,2025-01-25 01:35:19.413000+09:00
2025-01-24 16:35:19.615000+00:00,21871.2,21873.1,0.0,0,1737743719615,1030,0.0,2025-01-25 01:35:19.615000+09:00
2025-01-24 16:35:19.815000+00:00,21871.4,21873.3,0.0,0,1737743719815,1030,0.0,2025-01-25 01:35:19.815000+09:00
2025-01-24 16:35:19.917000+00:00,21871.5,21873.4,0.0,0,1737743719917,1030,0.0,2025-01-25 01:35:19.917000+09:00
2025-01-24 16:35:20.016000+00:00,21871.2,21873.1,0.0,0,1737743720016,1030,0.0,2025-01-25 01:35:20.016000+09:00
2025-01-24 16:35:20.117000+00:00,21871.5,21873.4,0.0,0,1737743720117,1030,0.0,2025-01-25 01:35:20.117000+09:00
2025-01-24 16:35:20.316000+00:00,21871.6,21873.5,0.0,0,1737743720316,1030,0.0,2025-01-25 01:35:20.316000+09:00
2025-01-24 16:35:20.716000+00:00,21871.9,21873.8,0.0,0,1737743720716,1030,0.0,2025-01-25 01:35:20.716000+09:00
2025-01-24 16:35:20.817000+00:00,21871.7,21873.6,0.0,0,1737743720817,1030,0.0,2025-01-25 01:35:20.817000+09:00
2025-01-24 16:35:21.016000+00:00,21871.9,21873.8,0.0,0,1737743721016,1030,0.0,2025-01-25 01:35:21.016000+09:00
2025-01-24 16:35:21.918000+00:00,21872.2,21874.1,0.0,0,1737743721918,1030,0.0,2025-01-25 01:35:21.918000+09:00
2025-01-24 16:35:22.018000+00:00,21872.0,21873.9,0.0,0,1737743722018,1030,0.0,2025-01-25 01:35:22.018000+09:00
2025-01-24 16:35:22.218000+00:00,21871.9,21873.8,0.0,0,1737743722218,1030,0.0,2025-01-25 01:35:22.218000+09:00
2025-01-24 16:35:22.319000+00:00,21872.0,21873.9,0.0,0,1737743722319,1030,0.0,2025-01-25 01:35:22.319000+09:00
2025-01-24 16:35:22.419000+00:00,21872.4,21874.3,0.0,0,1737743722419,1030,0.0,2025-01-25 01:35:22.419000+09:00
2025-01-24 16:35:22.621000+00:00,21872.7,21874.6,0.0,0,1737743722621,1030,0.0,2025-01-25 01:35:22.621000+09:00
2025-01-24 16:35:22.721000+00:00,21872.9,21874.8,0.0,0,1737743722721,1030,0.0,2025-01-25 01:35:22.721000+09:00
2025-01-24 16:35:22.922000+00:00,21872.7,21874.6,0.0,0,1737743722922,1030,0.0,2025-01-25 01:35:22.922000+09:00
2025-01-24 16:35:23.021000+00:00,21872.9,21874.8,0.0,0,1737743723021,1030,0.0,2025-01-25 01:35:23.021000+09:00
2025-01-24 16:35:23.121000+00:00,21872.7,21874.6,0.0,0,1737743723121,1030,0.0,2025-01-25 01:35:23.121000+09:00
2025-01-24 16:35:23.221000+00:00,21872.6,21874.5,0.0,0,1737743723221,1030,0.0,2025-01-25 01:35:23.221000+09:00
2025-01-24 16:35:23.320000+00:00,21872.7,21874.6,0.0,0,1737743723320,1030,0.0,2025-01-25 01:35:23.320000+09:00
2025-01-24 16:35:23.421000+00:00,21873.0,21874.9,0.0,0,1737743723421,1030,0.0,2025-01-25 01:35:23.421000+09:00
2025-01-24 16:35:23.523000+00:00,21873.1,21875.0,0.0,0,1737743723523,1030,0.0,2025-01-25 01:35:23.523000+09:00
2025-01-24 16:35:23.921000+00:00,21871.4,21873.3,0.0,0,1737743723921,1030,0.0,2025-01-25 01:35:23.921000+09:00
2025-01-24 16:35:24.021000+00:00,21871.5,21873.4,0.0,0,1737743724021,1030,0.0,2025-01-25 01:35:24.021000+09:00
2025-01-24 16:35:24.121000+00:00,21871.4,21873.3,0.0,0,1737743724121,1030,0.0,2025-01-25 01:35:24.121000+09:00
2025-01-24 16:35:24.222000+00:00,21871.6,21873.5,0.0,0,1737743724222,1030,0.0,2025-01-25 01:35:24.222000+09:00
2025-01-24 16:35:24.322000+00:00,21871.4,21873.3,0.0,0,1737743724322,1030,0.0,2025-01-25 01:35:24.322000+09:00
2025-01-24 16:35:24.625000+00:00,21871.6,21873.5,0.0,0,1737743724625,1030,0.0,2025-01-25 01:35:24.625000+09:00
2025-01-24 16:35:24.824000+00:00,21871.5,21873.4,0.0,0,1737743724824,1030,0.0,2025-01-25 01:35:24.824000+09:00
2025-01-24 16:35:24.923000+00:00,21871.1,21873.0,0.0,0,1737743724923,1030,0.0,2025-01-25 01:35:24.923000+09:00
2025-01-24 16:35:25.024000+00:00,21871.5,21873.4,0.0,0,1737743725024,1030,0.0,2025-01-25 01:35:25.024000+09:00
2025-01-24 16:35:25.124000+00:00,21871.4,21873.3,0.0,0,1737743725124,1030,0.0,2025-01-25 01:35:25.124000+09:00
2025-01-24 16:35:25.224000+00:00,21871.5,21873.4,0.0,0,1737743725224,1030,0.0,2025-01-25 01:35:25.224000+09:00
2025-01-24 16:35:25.323000+00:00,21871.2,21873.1,0.0,0,1737743725323,1030,0.0,2025-01-25 01:35:25.323000+09:00
2025-01-24 16:35:25.523000+00:00,21871.4,21873.3,0.0,0,1737743725523,1030,0.0,2025-01-25 01:35:25.523000+09:00
2025-01-24 16:35:25.723000+00:00,21871.6,21873.5,0.0,0,1737743725723,1030,0.0,2025-01-25 01:35:25.723000+09:00
2025-01-24 16:35:25.824000+00:00,21871.9,21873.8,0.0,0,1737743725824,1030,0.0,2025-01-25 01:35:25.824000+09:00
2025-01-24 16:35:25.924000+00:00,21872.5,21874.4,0.0,0,1737743725924,1030,0.0,2025-01-25 01:35:25.924000+09:00
2025-01-24 16:35:26.025000+00:00,21872.1,21874.0,0.0,0,1737743726025,1030,0.0,2025-01-25 01:35:26.025000+09:00
2025-01-24 16:35:26.124000+00:00,21872.2,21874.1,0.0,0,1737743726124,1030,0.0,2025-01-25 01:35:26.124000+09:00
2025-01-24 16:35:26.526000+00:00,21872.1,21874.0,0.0,0,1737743726526,1030,0.0,2025-01-25 01:35:26.526000+09:00
2025-01-24 16:35:26.626000+00:00,21872.0,21873.9,0.0,0,1737743726626,1030,0.0,2025-01-25 01:35:26.626000+09:00
2025-01-24 16:35:26.826000+00:00,21872.1,21874.0,0.0,0,1737743726826,1030,0.0,2025-01-25 01:35:26.826000+09:00
2025-01-24 16:35:26.927000+00:00,21872.4,21874.3,0.0,0,1737743726927,1030,0.0,2025-01-25 01:35:26.927000+09:00
2025-01-24 16:35:27.028000+00:00,21872.1,21874.0,0.0,0,1737743727028,1030,0.0,2025-01-25 01:35:27.028000+09:00
2025-01-24 16:35:27.428000+00:00,21872.2,21874.1,0.0,0,1737743727428,1030,0.0,2025-01-25 01:35:27.428000+09:00
2025-01-24 16:35:27.529000+00:00,21872.1,21874.0,0.0,0,1737743727529,1030,0.0,2025-01-25 01:35:27.529000+09:00
2025-01-24 16:35:27.629000+00:00,21872.4,21874.3,0.0,0,1737743727629,1030,0.0,2025-01-25 01:35:27.629000+09:00
2025-01-24 16:35:28.031000+00:00,21872.5,21874.4,0.0,0,1737743728031,1030,0.0,2025-01-25 01:35:28.031000+09:00
2025-01-24 16:35:28.131000+00:00,21872.6,21874.5,0.0,0,1737743728131,1030,0.0,2025-01-25 01:35:28.131000+09:00
2025-01-24 16:35:28.231000+00:00,21872.7,21874.6,0.0,0,1737743728231,1030,0.0,2025-01-25 01:35:28.231000+09:00
2025-01-24 16:35:28.330000+00:00,21872.6,21874.5,0.0,0,1737743728330,1030,0.0,2025-01-25 01:35:28.330000+09:00
2025-01-24 16:35:28.531000+00:00,21872.9,21874.8,0.0,0,1737743728531,1030,0.0,2025-01-25 01:35:28.531000+09:00
2025-01-24 16:35:28.631000+00:00,21872.6,21874.5,0.0,0,1737743728631,1030,0.0,2025-01-25 01:35:28.631000+09:00
2025-01-24 16:35:28.831000+00:00,21872.7,21874.6,0.0,0,1737743728831,1030,0.0,2025-01-25 01:35:28.831000+09:00
2025-01-24 16:35:28.932000+00:00,21872.9,21874.8,0.0,0,1737743728932,1030,0.0,2025-01-25 01:35:28.932000+09:00
2025-01-24 16:35:29.633000+00:00,21872.7,21874.6,0.0,0,1737743729633,1030,0.0,2025-01-25 01:35:29.633000+09:00
2025-01-24 16:35:29.832000+00:00,21872.9,21874.8,0.0,0,1737743729832,1030,0.0,2025-01-25 01:35:29.832000+09:00
2025-01-24 16:35:30.035000+00:00,21872.7,21874.6,0.0,0,1737743730035,1030,0.0,2025-01-25 01:35:30.035000+09:00
2025-01-24 16:35:30.134000+00:00,21872.4,21874.3,0.0,0,1737743730134,1030,0.0,2025-01-25 01:35:30.134000+09:00
2025-01-24 16:35:30.235000+00:00,21872.6,21874.5,0.0,0,1737743730235,1030,0.0,2025-01-25 01:35:30.235000+09:00
2025-01-24 16:35:30.334000+00:00,21872.5,21874.4,0.0,0,1737743730334,1030,0.0,2025-01-25 01:35:30.334000+09:00
2025-01-24 16:35:30.435000+00:00,21872.2,21874.1,0.0,0,1737743730435,1030,0.0,2025-01-25 01:35:30.435000+09:00
2025-01-24 16:35:30.534000+00:00,21872.1,21874.0,0.0,0,1737743730534,1030,0.0,2025-01-25 01:35:30.534000+09:00
2025-01-24 16:35:31.038000+00:00,21871.9,21873.8,0.0,0,1737743731038,1030,0.0,2025-01-25 01:35:31.038000+09:00
2025-01-24 16:35:31.240000+00:00,21871.7,21873.6,0.0,0,1737743731240,1030,0.0,2025-01-25 01:35:31.240000+09:00
2025-01-24 16:35:31.339000+00:00,21872.4,21874.3,0.0,0,1737743731339,1030,0.0,2025-01-25 01:35:31.339000+09:00
2025-01-24 16:35:31.539000+00:00,21872.5,21874.4,0.0,0,1737743731539,1030,0.0,2025-01-25 01:35:31.539000+09:00
2025-01-24 16:35:31.840000+00:00,21872.4,21874.3,0.0,0,1737743731840,1030,0.0,2025-01-25 01:35:31.840000+09:00
2025-01-24 16:35:32.041000+00:00,21872.1,21874.0,0.0,0,1737743732041,1030,0.0,2025-01-25 01:35:32.041000+09:00
2025-01-24 16:35:32.141000+00:00,21871.7,21873.6,0.0,0,1737743732141,1030,0.0,2025-01-25 01:35:32.141000+09:00
2025-01-24 16:35:32.440000+00:00,21871.6,21873.5,0.0,0,1737743732440,1030,0.0,2025-01-25 01:35:32.440000+09:00
2025-01-24 16:35:32.542000+00:00,21871.4,21873.3,0.0,0,1737743732542,1030,0.0,2025-01-25 01:35:32.542000+09:00
2025-01-24 16:35:32.741000+00:00,21871.1,21873.0,0.0,0,1737743732741,1030,0.0,2025-01-25 01:35:32.741000+09:00
2025-01-24 16:35:32.842000+00:00,21871.0,21872.9,0.0,0,1737743732842,1030,0.0,2025-01-25 01:35:32.842000+09:00
2025-01-24 16:35:33.043000+00:00,21870.6,21872.5,0.0,0,1737743733043,1030,0.0,2025-01-25 01:35:33.043000+09:00
2025-01-24 16:35:33.142000+00:00,21870.5,21872.4,0.0,0,1737743733142,1030,0.0,2025-01-25 01:35:33.142000+09:00
2025-01-24 16:35:33.241000+00:00,21870.6,21872.5,0.0,0,1737743733241,1030,0.0,2025-01-25 01:35:33.241000+09:00
2025-01-24 16:35:33.741000+00:00,21870.7,21872.6,0.0,0,1737743733741,1030,0.0,2025-01-25 01:35:33.741000+09:00
2025-01-24 16:35:34.143000+00:00,21870.5,21872.4,0.0,0,1737743734143,1030,0.0,2025-01-25 01:35:34.143000+09:00
2025-01-24 16:35:34.543000+00:00,21870.6,21872.5,0.0,0,1737743734543,1030,0.0,2025-01-25 01:35:34.543000+09:00
2025-01-24 16:35:34.643000+00:00,21870.2,21872.1,0.0,0,1737743734643,1030,0.0,2025-01-25 01:35:34.643000+09:00
2025-01-24 16:35:34.743000+00:00,21870.0,21871.9,0.0,0,1737743734743,1030,0.0,2025-01-25 01:35:34.743000+09:00
2025-01-24 16:35:34.843000+00:00,21870.1,21872.0,0.0,0,1737743734843,1030,0.0,2025-01-25 01:35:34.843000+09:00
2025-01-24 16:35:35.045000+00:00,21870.4,21872.3,0.0,0,1737743735045,1030,0.0,2025-01-25 01:35:35.045000+09:00
2025-01-24 16:35:35.245000+00:00,21870.2,21872.1,0.0,0,1737743735245,1030,0.0,2025-01-25 01:35:35.245000+09:00
2025-01-24 16:35:35.447000+00:00,21870.6,21872.5,0.0,0,1737743735447,1030,0.0,2025-01-25 01:35:35.447000+09:00
2025-01-24 16:35:35.745000+00:00,21870.4,21872.3,0.0,0,1737743735745,1030,0.0,2025-01-25 01:35:35.745000+09:00
2025-01-24 16:35:35.845000+00:00,21870.0,21871.9,0.0,0,1737743735845,1030,0.0,2025-01-25 01:35:35.845000+09:00
2025-01-24 16:35:36.046000+00:00,21870.1,21872.0,0.0,0,1737743736046,1030,0.0,2025-01-25 01:35:36.046000+09:00
2025-01-24 16:35:36.146000+00:00,21870.0,21871.9,0.0,0,1737743736146,1030,0.0,2025-01-25 01:35:36.146000+09:00
2025-01-24 16:35:36.648000+00:00,21869.9,21871.8,0.0,0,1737743736648,1030,0.0,2025-01-25 01:35:36.648000+09:00
2025-01-24 16:35:36.748000+00:00,21870.0,21871.9,0.0,0,1737743736748,1030,0.0,2025-01-25 01:35:36.748000+09:00
2025-01-24 16:35:36.849000+00:00,21869.9,21871.8,0.0,0,1737743736849,1030,0.0,2025-01-25 01:35:36.849000+09:00
2025-01-24 16:35:36.949000+00:00,21870.1,21872.0,0.0,0,1737743736949,1030,0.0,2025-01-25 01:35:36.949000+09:00
2025-01-24 16:35:37.348000+00:00,21870.0,21871.9,0.0,0,1737743737348,1030,0.0,2025-01-25 01:35:37.348000+09:00
2025-01-24 16:35:37.550000+00:00,21870.1,21872.0,0.0,0,1737743737550,1030,0.0,2025-01-25 01:35:37.550000+09:00
2025-01-24 16:35:37.750000+00:00,21870.2,21872.1,0.0,0,1737743737750,1030,0.0,2025-01-25 01:35:37.750000+09:00
2025-01-24 16:35:37.851000+00:00,21870.4,21872.3,0.0,0,1737743737851,1030,0.0,2025-01-25 01:35:37.851000+09:00
2025-01-24 16:35:38.151000+00:00,21870.2,21872.1,0.0,0,1737743738151,1030,0.0,2025-01-25 01:35:38.151000+09:00
2025-01-24 16:35:38.651000+00:00,21870.0,21871.9,0.0,0,1737743738651,1030,0.0,2025-01-25 01:35:38.651000+09:00
2025-01-24 16:35:38.750000+00:00,21870.1,21872.0,0.0,0,1737743738750,1030,0.0,2025-01-25 01:35:38.750000+09:00
2025-01-24 16:35:38.851000+00:00,21870.2,21872.1,0.0,0,1737743738851,1030,0.0,2025-01-25 01:35:38.851000+09:00
2025-01-24 16:35:39.050000+00:00,21870.0,21871.9,0.0,0,1737743739050,1030,0.0,2025-01-25 01:35:39.050000+09:00
2025-01-24 16:35:39.351000+00:00,21869.7,21871.6,0.0,0,1737743739351,1030,0.0,2025-01-25 01:35:39.351000+09:00
2025-01-24 16:35:39.450000+00:00,21869.9,21871.8,0.0,0,1737743739450,1030,0.0,2025-01-25 01:35:39.450000+09:00
2025-01-24 16:35:39.551000+00:00,21869.7,21871.6,0.0,0,1737743739551,1030,0.0,2025-01-25 01:35:39.551000+09:00
2025-01-24 16:35:39.750000+00:00,21869.6,21871.5,0.0,0,1737743739750,1030,0.0,2025-01-25 01:35:39.750000+09:00
2025-01-24 16:35:39.851000+00:00,21869.7,21871.6,0.0,0,1737743739851,1030,0.0,2025-01-25 01:35:39.851000+09:00
2025-01-24 16:35:39.951000+00:00,21869.9,21871.8,0.0,0,1737743739951,1030,0.0,2025-01-25 01:35:39.951000+09:00
2025-01-24 16:35:40.151000+00:00,21870.1,21872.0,0.0,0,1737743740151,1030,0.0,2025-01-25 01:35:40.151000+09:00
2025-01-24 16:35:40.250000+00:00,21870.2,21872.1,0.0,0,1737743740250,1030,0.0,2025-01-25 01:35:40.250000+09:00
2025-01-24 16:35:40.451000+00:00,21870.1,21872.0,0.0,0,1737743740451,1030,0.0,2025-01-25 01:35:40.451000+09:00
2025-01-24 16:35:40.551000+00:00,21870.4,21872.3,0.0,0,1737743740551,1030,0.0,2025-01-25 01:35:40.551000+09:00
2025-01-24 16:35:40.752000+00:00,21870.1,21872.0,0.0,0,1737743740752,1030,0.0,2025-01-25 01:35:40.752000+09:00
2025-01-24 16:35:41.451000+00:00,21869.9,21871.8,0.0,0,1737743741451,1030,0.0,2025-01-25 01:35:41.451000+09:00
2025-01-24 16:35:41.652000+00:00,21869.7,21871.6,0.0,0,1737743741652,1030,0.0,2025-01-25 01:35:41.652000+09:00
2025-01-24 16:35:41.753000+00:00,21869.6,21871.5,0.0,0,1737743741753,1030,0.0,2025-01-25 01:35:41.753000+09:00
2025-01-24 16:35:41.853000+00:00,21869.9,21871.8,0.0,0,1737743741853,1030,0.0,2025-01-25 01:35:41.853000+09:00
2025-01-24 16:35:42.455000+00:00,21870.1,21872.0,0.0,0,1737743742455,1030,0.0,2025-01-25 01:35:42.455000+09:00
2025-01-24 16:35:42.555000+00:00,21870.2,21872.1,0.0,0,1737743742555,1030,0.0,2025-01-25 01:35:42.555000+09:00
2025-01-24 16:35:42.655000+00:00,21870.1,21872.0,0.0,0,1737743742655,1030,0.0,2025-01-25 01:35:42.655000+09:00
2025-01-24 16:35:42.756000+00:00,21869.9,21871.8,0.0,0,1737743742756,1030,0.0,2025-01-25 01:35:42.756000+09:00
2025-01-24 16:35:42.855000+00:00,21870.1,21872.0,0.0,0,1737743742855,1030,0.0,2025-01-25 01:35:42.855000+09:00
2025-01-24 16:35:43.255000+00:00,21870.4,21872.3,0.0,0,1737743743255,1030,0.0,2025-01-25 01:35:43.255000+09:00
2025-01-24 16:35:43.455000+00:00,21870.1,21872.0,0.0,0,1737743743455,1030,0.0,2025-01-25 01:35:43.455000+09:00
2025-01-24 16:35:43.764000+00:00,21870.2,21872.1,0.0,0,1737743743764,1030,0.0,2025-01-25 01:35:43.764000+09:00
2025-01-24 16:35:43.958000+00:00,21870.1,21872.0,0.0,0,1737743743958,1030,0.0,2025-01-25 01:35:43.958000+09:00
2025-01-24 16:35:44.360000+00:00,21870.5,21872.4,0.0,0,1737743744360,1030,0.0,2025-01-25 01:35:44.360000+09:00
2025-01-24 16:35:44.459000+00:00,21870.6,21872.5,0.0,0,1737743744459,1030,0.0,2025-01-25 01:35:44.459000+09:00
2025-01-24 16:35:45.160000+00:00,21870.5,21872.4,0.0,0,1737743745160,1030,0.0,2025-01-25 01:35:45.160000+09:00
2025-01-24 16:35:45.259000+00:00,21870.2,21872.1,0.0,0,1737743745259,1030,0.0,2025-01-25 01:35:45.259000+09:00
2025-01-24 16:35:45.459000+00:00,21870.1,21872.0,0.0,0,1737743745459,1030,0.0,2025-01-25 01:35:45.459000+09:00
2025-01-24 16:35:45.559000+00:00,21870.2,21872.1,0.0,0,1737743745559,1030,0.0,2025-01-25 01:35:45.559000+09:00
2025-01-24 16:35:45.659000+00:00,21870.5,21872.4,0.0,0,1737743745659,1030,0.0,2025-01-25 01:35:45.659000+09:00
2025-01-24 16:35:45.760000+00:00,21870.6,21872.5,0.0,0,1737743745760,1030,0.0,2025-01-25 01:35:45.760000+09:00
2025-01-24 16:35:46.159000+00:00,21870.5,21872.4,0.0,0,1737743746159,1030,0.0,2025-01-25 01:35:46.159000+09:00
2025-01-24 16:35:46.259000+00:00,21870.6,21872.5,0.0,0,1737743746259,1030,0.0,2025-01-25 01:35:46.259000+09:00
2025-01-24 16:35:46.460000+00:00,21870.5,21872.4,0.0,0,1737743746460,1030,0.0,2025-01-25 01:35:46.460000+09:00
2025-01-24 16:35:46.561000+00:00,21870.4,21872.3,0.0,0,1737743746561,1030,0.0,2025-01-25 01:35:46.561000+09:00
2025-01-24 16:35:46.761000+00:00,21870.1,21872.0,0.0,0,1737743746761,1030,0.0,2025-01-25 01:35:46.761000+09:00
2025-01-24 16:35:47.260000+00:00,21870.2,21872.1,0.0,0,1737743747260,1030,0.0,2025-01-25 01:35:47.260000+09:00
2025-01-24 16:35:47.361000+00:00,21869.6,21871.5,0.0,0,1737743747361,1030,0.0,2025-01-25 01:35:47.361000+09:00
2025-01-24 16:35:47.763000+00:00,21869.5,21871.4,0.0,0,1737743747763,1030,0.0,2025-01-25 01:35:47.763000+09:00
2025-01-24 16:35:47.863000+00:00,21869.4,21871.3,0.0,0,1737743747863,1030,0.0,2025-01-25 01:35:47.863000+09:00
2025-01-24 16:35:47.963000+00:00,21869.6,21871.5,0.0,0,1737743747963,1030,0.0,2025-01-25 01:35:47.963000+09:00
2025-01-24 16:35:48.163000+00:00,21869.9,21871.8,0.0,0,1737743748163,1030,0.0,2025-01-25 01:35:48.163000+09:00
2025-01-24 16:35:48.366000+00:00,21870.0,21871.9,0.0,0,1737743748366,1030,0.0,2025-01-25 01:35:48.366000+09:00
2025-01-24 16:35:48.465000+00:00,21870.1,21872.0,0.0,0,1737743748465,1030,0.0,2025-01-25 01:35:48.465000+09:00
2025-01-24 16:35:48.666000+00:00,21870.2,21872.1,0.0,0,1737743748666,1030,0.0,2025-01-25 01:35:48.666000+09:00
2025-01-24 16:35:48.766000+00:00,21870.1,21872.0,0.0,0,1737743748766,1030,0.0,2025-01-25 01:35:48.766000+09:00
2025-01-24 16:35:49.066000+00:00,21870.0,21871.9,0.0,0,1737743749066,1030,0.0,2025-01-25 01:35:49.066000+09:00
2025-01-24 16:35:49.265000+00:00,21870.1,21872.0,0.0,0,1737743749265,1030,0.0,2025-01-25 01:35:49.265000+09:00
2025-01-24 16:35:49.565000+00:00,21870.2,21872.1,0.0,0,1737743749565,1030,0.0,2025-01-25 01:35:49.565000+09:00
2025-01-24 16:35:49.766000+00:00,21870.1,21872.0,0.0,0,1737743749766,1030,0.0,2025-01-25 01:35:49.766000+09:00
2025-01-24 16:35:49.865000+00:00,21870.0,21871.9,0.0,0,1737743749865,1030,0.0,2025-01-25 01:35:49.865000+09:00
2025-01-24 16:35:49.967000+00:00,21870.1,21872.0,0.0,0,1737743749967,1030,0.0,2025-01-25 01:35:49.967000+09:00
2025-01-24 16:35:50.268000+00:00,21870.4,21872.3,0.0,0,1737743750268,1030,0.0,2025-01-25 01:35:50.268000+09:00
2025-01-24 16:35:50.368000+00:00,21870.1,21872.0,0.0,0,1737743750368,1030,0.0,2025-01-25 01:35:50.368000+09:00
2025-01-24 16:35:50.567000+00:00,21870.4,21872.3,0.0,0,1737743750567,1030,0.0,2025-01-25 01:35:50.567000+09:00
2025-01-24 16:35:50.667000+00:00,21870.1,21872.0,0.0,0,1737743750667,1030,0.0,2025-01-25 01:35:50.667000+09:00
2025-01-24 16:35:50.968000+00:00,21870.4,21872.3,0.0,0,1737743750968,1030,0.0,2025-01-25 01:35:50.968000+09:00
2025-01-24 16:35:51.068000+00:00,21870.1,21872.0,0.0,0,1737743751068,1030,0.0,2025-01-25 01:35:51.068000+09:00
2025-01-24 16:35:51.768000+00:00,21869.6,21871.5,0.0,0,1737743751768,1030,0.0,2025-01-25 01:35:51.768000+09:00
2025-01-24 16:35:52.168000+00:00,21869.7,21871.6,0.0,0,1737743752168,1030,0.0,2025-01-25 01:35:52.168000+09:00
2025-01-24 16:35:52.369000+00:00,21869.9,21871.8,0.0,0,1737743752369,1030,0.0,2025-01-25 01:35:52.369000+09:00
2025-01-24 16:35:52.670000+00:00,21870.0,21871.9,0.0,0,1737743752670,1030,0.0,2025-01-25 01:35:52.670000+09:00
2025-01-24 16:35:52.771000+00:00,21870.1,21872.0,0.0,0,1737743752771,1030,0.0,2025-01-25 01:35:52.771000+09:00
2025-01-24 16:35:52.871000+00:00,21870.2,21872.1,0.0,0,1737743752871,1030,0.0,2025-01-25 01:35:52.871000+09:00
2025-01-24 16:35:53.171000+00:00,21870.1,21872.0,0.0,0,1737743753171,1030,0.0,2025-01-25 01:35:53.171000+09:00
2025-01-24 16:35:53.271000+00:00,21869.9,21871.8,0.0,0,1737743753271,1030,0.0,2025-01-25 01:35:53.271000+09:00
2025-01-24 16:35:53.672000+00:00,21869.6,21871.5,0.0,0,1737743753672,1030,0.0,2025-01-25 01:35:53.672000+09:00
2025-01-24 16:35:53.771000+00:00,21869.9,21871.8,0.0,0,1737743753771,1030,0.0,2025-01-25 01:35:53.771000+09:00
2025-01-24 16:35:53.871000+00:00,21870.1,21872.0,0.0,0,1737743753871,1030,0.0,2025-01-25 01:35:53.871000+09:00
2025-01-24 16:35:54.574000+00:00,21869.9,21871.8,0.0,0,1737743754574,1030,0.0,2025-01-25 01:35:54.574000+09:00
2025-01-24 16:35:54.675000+00:00,21870.1,21872.0,0.0,0,1737743754675,1030,0.0,2025-01-25 01:35:54.675000+09:00
2025-01-24 16:35:54.976000+00:00,21869.9,21871.8,0.0,0,1737743754976,1030,0.0,2025-01-25 01:35:54.976000+09:00
2025-01-24 16:35:55.077000+00:00,21871.0,21872.9,0.0,0,1737743755077,1030,0.0,2025-01-25 01:35:55.077000+09:00
2025-01-24 16:35:55.176000+00:00,21870.9,21872.8,0.0,0,1737743755176,1030,0.0,2025-01-25 01:35:55.176000+09:00
2025-01-24 16:35:55.276000+00:00,21871.1,21873.0,0.0,0,1737743755276,1030,0.0,2025-01-25 01:35:55.276000+09:00
2025-01-24 16:35:55.375000+00:00,21871.4,21873.3,0.0,0,1737743755375,1030,0.0,2025-01-25 01:35:55.375000+09:00
2025-01-24 16:35:55.575000+00:00,21871.2,21873.1,0.0,0,1737743755575,1030,0.0,2025-01-25 01:35:55.575000+09:00
2025-01-24 16:35:55.676000+00:00,21871.4,21873.3,0.0,0,1737743755676,1030,0.0,2025-01-25 01:35:55.676000+09:00
2025-01-24 16:35:55.776000+00:00,21871.2,21873.1,0.0,0,1737743755776,1030,0.0,2025-01-25 01:35:55.776000+09:00
2025-01-24 16:35:55.876000+00:00,21871.6,21873.5,0.0,0,1737743755876,1030,0.0,2025-01-25 01:35:55.876000+09:00
2025-01-24 16:35:55.976000+00:00,21871.7,21873.6,0.0,0,1737743755976,1030,0.0,2025-01-25 01:35:55.976000+09:00
2025-01-24 16:35:56.078000+00:00,21872.1,21874.0,0.0,0,1737743756078,1030,0.0,2025-01-25 01:35:56.078000+09:00
2025-01-24 16:35:56.278000+00:00,21872.2,21874.1,0.0,0,1737743756278,1030,0.0,2025-01-25 01:35:56.278000+09:00
2025-01-24 16:35:56.378000+00:00,21872.5,21874.4,0.0,0,1737743756378,1030,0.0,2025-01-25 01:35:56.378000+09:00
2025-01-24 16:35:56.580000+00:00,21873.0,21874.9,0.0,0,1737743756580,1030,0.0,2025-01-25 01:35:56.580000+09:00
2025-01-24 16:35:56.680000+00:00,21872.7,21874.6,0.0,0,1737743756680,1030,0.0,2025-01-25 01:35:56.680000+09:00
2025-01-24 16:35:56.780000+00:00,21872.9,21874.8,0.0,0,1737743756780,1030,0.0,2025-01-25 01:35:56.780000+09:00
2025-01-24 16:35:56.880000+00:00,21872.6,21874.5,0.0,0,1737743756880,1030,0.0,2025-01-25 01:35:56.880000+09:00
2025-01-24 16:35:56.980000+00:00,21872.7,21874.6,0.0,0,1737743756980,1030,0.0,2025-01-25 01:35:56.980000+09:00
2025-01-24 16:35:57.279000+00:00,21872.5,21874.4,0.0,0,1737743757279,1030,0.0,2025-01-25 01:35:57.279000+09:00
2025-01-24 16:35:57.479000+00:00,21872.7,21874.6,0.0,0,1737743757479,1030,0.0,2025-01-25 01:35:57.479000+09:00
2025-01-24 16:35:57.880000+00:00,21872.9,21874.8,0.0,0,1737743757880,1030,0.0,2025-01-25 01:35:57.880000+09:00
2025-01-24 16:35:57.979000+00:00,21873.0,21874.9,0.0,0,1737743757979,1030,0.0,2025-01-25 01:35:57.979000+09:00
2025-01-24 16:35:58.179000+00:00,21873.1,21875.0,0.0,0,1737743758179,1030,0.0,2025-01-25 01:35:58.179000+09:00
2025-01-24 16:35:58.379000+00:00,21873.4,21875.3,0.0,0,1737743758379,1030,0.0,2025-01-25 01:35:58.379000+09:00
2025-01-24 16:35:58.479000+00:00,21873.6,21875.5,0.0,0,1737743758479,1030,0.0,2025-01-25 01:35:58.479000+09:00
2025-01-24 16:35:58.580000+00:00,21873.9,21875.8,0.0,0,1737743758580,1030,0.0,2025-01-25 01:35:58.580000+09:00
2025-01-24 16:35:58.680000+00:00,21873.7,21875.6,0.0,0,1737743758680,1030,0.0,2025-01-25 01:35:58.680000+09:00
2025-01-24 16:35:58.780000+00:00,21873.6,21875.5,0.0,0,1737743758780,1030,0.0,2025-01-25 01:35:58.780000+09:00
2025-01-24 16:35:58.879000+00:00,21873.9,21875.8,0.0,0,1737743758879,1030,0.0,2025-01-25 01:35:58.879000+09:00
2025-01-24 16:35:59.279000+00:00,21874.0,21875.9,0.0,0,1737743759279,1030,0.0,2025-01-25 01:35:59.279000+09:00
2025-01-24 16:35:59.578000+00:00,21874.2,21876.1,0.0,0,1737743759578,1030,0.0,2025-01-25 01:35:59.578000+09:00
2025-01-24 16:35:59.679000+00:00,21874.4,21876.3,0.0,0,1737743759679,1030,0.0,2025-01-25 01:35:59.679000+09:00
2025-01-24 16:35:59.879000+00:00,21874.0,21875.9,0.0,0,1737743759879,1030,0.0,2025-01-25 01:35:59.879000+09:00
2025-01-24 16:35:59.980000+00:00,21874.1,21876.0,0.0,0,1737743759980,1030,0.0,2025-01-25 01:35:59.980000+09:00
2025-01-24 16:36:00.080000+00:00,21874.6,21876.5,0.0,0,1737743760080,1030,0.0,2025-01-25 01:36:00.080000+09:00
2025-01-24 16:36:00.182000+00:00,21875.1,21877.0,0.0,0,1737743760182,1030,0.0,2025-01-25 01:36:00.182000+09:00
2025-01-24 16:36:00.283000+00:00,21875.2,21877.1,0.0,0,1737743760283,1030,0.0,2025-01-25 01:36:00.283000+09:00
2025-01-24 16:36:00.483000+00:00,21875.7,21877.5,0.0,0,1737743760483,1030,0.0,2025-01-25 01:36:00.483000+09:00
2025-01-24 16:36:00.682000+00:00,21875.4,21877.2,0.0,0,1737743760682,1030,0.0,2025-01-25 01:36:00.682000+09:00
2025-01-24 16:36:00.782000+00:00,21875.7,21877.5,0.0,0,1737743760782,1030,0.0,2025-01-25 01:36:00.782000+09:00
2025-01-24 16:36:00.881000+00:00,21875.5,21877.3,0.0,0,1737743760881,1030,0.0,2025-01-25 01:36:00.881000+09:00
2025-01-24 16:36:00.981000+00:00,21875.8,21877.6,0.0,0,1737743760981,1030,0.0,2025-01-25 01:36:00.981000+09:00
2025-01-24 16:36:01.081000+00:00,21875.7,21877.5,0.0,0,1737743761081,1030,0.0,2025-01-25 01:36:01.081000+09:00
2025-01-24 16:36:01.181000+00:00,21875.5,21877.3,0.0,0,1737743761181,1030,0.0,2025-01-25 01:36:01.181000+09:00
2025-01-24 16:36:01.281000+00:00,21875.7,21877.5,0.0,0,1737743761281,1030,0.0,2025-01-25 01:36:01.281000+09:00
2025-01-24 16:36:01.480000+00:00,21875.9,21877.7,0.0,0,1737743761480,1030,0.0,2025-01-25 01:36:01.480000+09:00
2025-01-24 16:36:01.981000+00:00,21876.0,21877.8,0.0,0,1737743761981,1030,0.0,2025-01-25 01:36:01.981000+09:00
2025-01-24 16:36:02.081000+00:00,21876.2,21878.0,0.0,0,1737743762081,1030,0.0,2025-01-25 01:36:02.081000+09:00
2025-01-24 16:36:02.280000+00:00,21876.9,21878.7,0.0,0,1737743762280,1030,0.0,2025-01-25 01:36:02.280000+09:00
2025-01-24 16:36:02.480000+00:00,21876.0,21877.8,0.0,0,1737743762480,1030,0.0,2025-01-25 01:36:02.480000+09:00
2025-01-24 16:36:02.780000+00:00,21875.8,21877.6,0.0,0,1737743762780,1030,0.0,2025-01-25 01:36:02.780000+09:00
2025-01-24 16:36:02.881000+00:00,21875.7,21877.5,0.0,0,1737743762881,1030,0.0,2025-01-25 01:36:02.881000+09:00
2025-01-24 16:36:03.182000+00:00,21875.8,21877.6,0.0,0,1737743763182,1030,0.0,2025-01-25 01:36:03.182000+09:00
2025-01-24 16:36:03.281000+00:00,21876.0,21877.8,0.0,0,1737743763281,1030,0.0,2025-01-25 01:36:03.281000+09:00
2025-01-24 16:36:03.381000+00:00,21875.9,21877.7,0.0,0,1737743763381,1030,0.0,2025-01-25 01:36:03.381000+09:00
2025-01-24 16:36:03.582000+00:00,21876.2,21878.0,0.0,0,1737743763582,1030,0.0,2025-01-25 01:36:03.582000+09:00
2025-01-24 16:36:03.983000+00:00,21875.8,21877.6,0.0,0,1737743763983,1030,0.0,2025-01-25 01:36:03.983000+09:00
2025-01-24 16:36:04.082000+00:00,21875.9,21877.7,0.0,0,1737743764082,1030,0.0,2025-01-25 01:36:04.082000+09:00
2025-01-24 16:36:04.483000+00:00,21875.8,21877.6,0.0,0,1737743764483,1030,0.0,2025-01-25 01:36:04.483000+09:00
2025-01-24 16:36:04.784000+00:00,21875.9,21877.7,0.0,0,1737743764784,1030,0.0,2025-01-25 01:36:04.784000+09:00
2025-01-24 16:36:04.985000+00:00,21876.2,21878.0,0.0,0,1737743764985,1030,0.0,2025-01-25 01:36:04.985000+09:00
2025-01-24 16:36:05.185000+00:00,21876.3,21878.1,0.0,0,1737743765185,1030,0.0,2025-01-25 01:36:05.185000+09:00
2025-01-24 16:36:05.284000+00:00,21876.2,21878.0,0.0,0,1737743765284,1030,0.0,2025-01-25 01:36:05.284000+09:00
2025-01-24 16:36:05.484000+00:00,21876.5,21878.3,0.0,0,1737743765484,1030,0.0,2025-01-25 01:36:05.484000+09:00
2025-01-24 16:36:05.584000+00:00,21876.7,21878.5,0.0,0,1737743765584,1030,0.0,2025-01-25 01:36:05.584000+09:00
2025-01-24 16:36:05.684000+00:00,21876.4,21878.2,0.0,0,1737743765684,1030,0.0,2025-01-25 01:36:05.684000+09:00
2025-01-24 16:36:06.086000+00:00,21876.3,21878.1,0.0,0,1737743766086,1030,0.0,2025-01-25 01:36:06.086000+09:00
2025-01-24 16:36:06.186000+00:00,21876.4,21878.2,0.0,0,1737743766186,1030,0.0,2025-01-25 01:36:06.186000+09:00
2025-01-24 16:36:06.886000+00:00,21876.2,21878.0,0.0,0,1737743766886,1030,0.0,2025-01-25 01:36:06.886000+09:00
2025-01-24 16:36:06.986000+00:00,21876.3,21878.1,0.0,0,1737743766986,1030,0.0,2025-01-25 01:36:06.986000+09:00
2025-01-24 16:36:07.186000+00:00,21876.2,21878.0,0.0,0,1737743767186,1030,0.0,2025-01-25 01:36:07.186000+09:00
2025-01-24 16:36:07.486000+00:00,21875.7,21877.5,0.0,0,1737743767486,1030,0.0,2025-01-25 01:36:07.486000+09:00
2025-01-24 16:36:07.686000+00:00,21875.8,21877.6,0.0,0,1737743767686,1030,0.0,2025-01-25 01:36:07.686000+09:00
2025-01-24 16:36:07.891000+00:00,21875.7,21877.5,0.0,0,1737743767891,1030,0.0,2025-01-25 01:36:07.891000+09:00
2025-01-24 16:36:08.488000+00:00,21876.0,21877.8,0.0,0,1737743768488,1030,0.0,2025-01-25 01:36:08.488000+09:00
2025-01-24 16:36:08.588000+00:00,21875.9,21877.7,0.0,0,1737743768588,1030,0.0,2025-01-25 01:36:08.588000+09:00
2025-01-24 16:36:08.788000+00:00,21875.7,21877.5,0.0,0,1737743768788,1030,0.0,2025-01-25 01:36:08.788000+09:00
2025-01-24 16:36:08.989000+00:00,21875.5,21877.3,0.0,0,1737743768989,1030,0.0,2025-01-25 01:36:08.989000+09:00
2025-01-24 16:36:09.188000+00:00,21875.7,21877.5,0.0,0,1737743769188,1030,0.0,2025-01-25 01:36:09.188000+09:00
2025-01-24 16:36:09.492000+00:00,21875.9,21877.7,0.0,0,1737743769492,1030,0.0,2025-01-25 01:36:09.492000+09:00
2025-01-24 16:36:10.689000+00:00,21876.0,21877.8,0.0,0,1737743770689,1030,0.0,2025-01-25 01:36:10.689000+09:00
2025-01-24 16:36:10.788000+00:00,21876.2,21878.0,0.0,0,1737743770788,1030,0.0,2025-01-25 01:36:10.788000+09:00
2025-01-24 16:36:10.990000+00:00,21876.5,21878.3,0.0,0,1737743770990,1030,0.0,2025-01-25 01:36:10.990000+09:00
2025-01-24 16:36:11.092000+00:00,21876.4,21878.2,0.0,0,1737743771092,1030,0.0,2025-01-25 01:36:11.092000+09:00
2025-01-24 16:36:11.190000+00:00,21876.5,21878.3,0.0,0,1737743771190,1030,0.0,2025-01-25 01:36:11.190000+09:00
2025-01-24 16:36:11.591000+00:00,21876.8,21878.6,0.0,0,1737743771591,1030,0.0,2025-01-25 01:36:11.591000+09:00
2025-01-24 16:36:11.691000+00:00,21876.7,21878.5,0.0,0,1737743771691,1030,0.0,2025-01-25 01:36:11.691000+09:00
2025-01-24 16:36:12.091000+00:00,21876.8,21878.6,0.0,0,1737743772091,1030,0.0,2025-01-25 01:36:12.091000+09:00
2025-01-24 16:36:12.190000+00:00,21876.7,21878.5,0.0,0,1737743772190,1030,0.0,2025-01-25 01:36:12.190000+09:00
2025-01-24 16:36:12.490000+00:00,21876.9,21878.7,0.0,0,1737743772490,1030,0.0,2025-01-25 01:36:12.490000+09:00
2025-01-24 16:36:13.392000+00:00,21876.8,21878.6,0.0,0,1737743773392,1030,0.0,2025-01-25 01:36:13.392000+09:00
2025-01-24 16:36:13.491000+00:00,21876.9,21878.7,0.0,0,1737743773491,1030,0.0,2025-01-25 01:36:13.491000+09:00
2025-01-24 16:36:13.591000+00:00,21876.7,21878.5,0.0,0,1737743773591,1030,0.0,2025-01-25 01:36:13.591000+09:00
2025-01-24 16:36:13.791000+00:00,21876.5,21878.3,0.0,0,1737743773791,1030,0.0,2025-01-25 01:36:13.791000+09:00
2025-01-24 16:36:14.093000+00:00,21876.4,21878.2,0.0,0,1737743774093,1030,0.0,2025-01-25 01:36:14.093000+09:00
2025-01-24 16:36:14.193000+00:00,21876.2,21878.0,0.0,0,1737743774193,1030,0.0,2025-01-25 01:36:14.193000+09:00
2025-01-24 16:36:14.292000+00:00,21875.4,21877.2,0.0,0,1737743774292,1030,0.0,2025-01-25 01:36:14.292000+09:00
2025-01-24 16:36:14.695000+00:00,21875.7,21877.5,0.0,0,1737743774695,1030,0.0,2025-01-25 01:36:14.695000+09:00
2025-01-24 16:36:14.795000+00:00,21875.5,21877.3,0.0,0,1737743774795,1030,0.0,2025-01-25 01:36:14.795000+09:00
2025-01-24 16:36:14.895000+00:00,21875.7,21877.5,0.0,0,1737743774895,1030,0.0,2025-01-25 01:36:14.895000+09:00
2025-01-24 16:36:15.197000+00:00,21875.9,21877.7,0.0,0,1737743775197,1030,0.0,2025-01-25 01:36:15.197000+09:00
2025-01-24 16:36:15.995000+00:00,21876.0,21877.8,0.0,0,1737743775995,1030,0.0,2025-01-25 01:36:15.995000+09:00
2025-01-24 16:36:16.095000+00:00,21875.9,21877.7,0.0,0,1737743776095,1030,0.0,2025-01-25 01:36:16.095000+09:00
2025-01-24 16:36:16.294000+00:00,21875.5,21877.3,0.0,0,1737743776294,1030,0.0,2025-01-25 01:36:16.294000+09:00
2025-01-24 16:36:16.395000+00:00,21875.7,21877.5,0.0,0,1737743776395,1030,0.0,2025-01-25 01:36:16.395000+09:00
2025-01-24 16:36:16.495000+00:00,21875.4,21877.2,0.0,0,1737743776495,1030,0.0,2025-01-25 01:36:16.495000+09:00
2025-01-24 16:36:16.695000+00:00,21875.3,21877.1,0.0,0,1737743776695,1030,0.0,2025-01-25 01:36:16.695000+09:00
2025-01-24 16:36:16.995000+00:00,21875.0,21876.8,0.0,0,1737743776995,1030,0.0,2025-01-25 01:36:16.995000+09:00
2025-01-24 16:36:17.095000+00:00,21875.3,21877.1,0.0,0,1737743777095,1030,0.0,2025-01-25 01:36:17.095000+09:00
2025-01-24 16:36:17.194000+00:00,21875.2,21877.0,0.0,0,1737743777194,1030,0.0,2025-01-25 01:36:17.194000+09:00
2025-01-24 16:36:17.495000+00:00,21875.0,21876.8,0.0,0,1737743777495,1030,0.0,2025-01-25 01:36:17.495000+09:00
2025-01-24 16:36:17.595000+00:00,21874.8,21876.6,0.0,0,1737743777595,1030,0.0,2025-01-25 01:36:17.595000+09:00
2025-01-24 16:36:17.694000+00:00,21874.9,21876.7,0.0,0,1737743777694,1030,0.0,2025-01-25 01:36:17.694000+09:00
2025-01-24 16:36:17.895000+00:00,21874.8,21876.6,0.0,0,1737743777895,1030,0.0,2025-01-25 01:36:17.895000+09:00
2025-01-24 16:36:17.996000+00:00,21874.7,21876.5,0.0,0,1737743777996,1030,0.0,2025-01-25 01:36:17.996000+09:00
2025-01-24 16:36:18.096000+00:00,21874.8,21876.6,0.0,0,1737743778096,1030,0.0,2025-01-25 01:36:18.096000+09:00
2025-01-24 16:36:18.195000+00:00,21874.9,21876.7,0.0,0,1737743778195,1030,0.0,2025-01-25 01:36:18.195000+09:00
2025-01-24 16:36:18.294000+00:00,21874.4,21876.2,0.0,0,1737743778294,1030,0.0,2025-01-25 01:36:18.294000+09:00
2025-01-24 16:36:18.395000+00:00,21874.7,21876.5,0.0,0,1737743778395,1030,0.0,2025-01-25 01:36:18.395000+09:00
2025-01-24 16:36:18.895000+00:00,21874.8,21876.6,0.0,0,1737743778895,1030,0.0,2025-01-25 01:36:18.895000+09:00
2025-01-24 16:36:18.996000+00:00,21874.9,21876.7,0.0,0,1737743778996,1030,0.0,2025-01-25 01:36:18.996000+09:00
2025-01-24 16:36:19.197000+00:00,21875.0,21876.8,0.0,0,1737743779197,1030,0.0,2025-01-25 01:36:19.197000+09:00
2025-01-24 16:36:19.697000+00:00,21875.3,21877.1,0.0,0,1737743779697,1030,0.0,2025-01-25 01:36:19.697000+09:00
2025-01-24 16:36:19.898000+00:00,21875.5,21877.3,0.0,0,1737743779898,1030,0.0,2025-01-25 01:36:19.898000+09:00
2025-01-24 16:36:19.999000+00:00,21875.4,21877.2,0.0,0,1737743779999,1030,0.0,2025-01-25 01:36:19.999000+09:00
2025-01-24 16:36:20.098000+00:00,21875.3,21877.1,0.0,0,1737743780098,1030,0.0,2025-01-25 01:36:20.098000+09:00
2025-01-24 16:36:20.198000+00:00,21875.2,21877.0,0.0,0,1737743780198,1030,0.0,2025-01-25 01:36:20.198000+09:00
2025-01-24 16:36:20.399000+00:00,21875.5,21877.3,0.0,0,1737743780399,1030,0.0,2025-01-25 01:36:20.399000+09:00
2025-01-24 16:36:20.500000+00:00,21875.7,21877.5,0.0,0,1737743780500,1030,0.0,2025-01-25 01:36:20.500000+09:00
2025-01-24 16:36:20.599000+00:00,21875.5,21877.3,0.0,0,1737743780599,1030,0.0,2025-01-25 01:36:20.599000+09:00
2025-01-24 16:36:20.900000+00:00,21875.4,21877.2,0.0,0,1737743780900,1030,0.0,2025-01-25 01:36:20.900000+09:00
2025-01-24 16:36:21+00:00,21875.5,21877.3,0.0,0,1737743781000,1030,0.0,2025-01-25 01:36:21+09:00
2025-01-24 16:36:21.100000+00:00,21876.2,21878.0,0.0,0,1737743781100,1030,0.0,2025-01-25 01:36:21.100000+09:00
2025-01-24 16:36:21.600000+00:00,21876.3,21878.1,0.0,0,1737743781600,1030,0.0,2025-01-25 01:36:21.600000+09:00
2025-01-24 16:36:21.901000+00:00,21876.4,21878.2,0.0,0,1737743781901,1030,0.0,2025-01-25 01:36:21.901000+09:00
2025-01-24 16:36:22.001000+00:00,21876.3,21878.1,0.0,0,1737743782001,1030,0.0,2025-01-25 01:36:22.001000+09:00
2025-01-24 16:36:22.101000+00:00,21876.4,21878.2,0.0,0,1737743782101,1030,0.0,2025-01-25 01:36:22.101000+09:00
2025-01-24 16:36:22.502000+00:00,21876.5,21878.3,0.0,0,1737743782502,1030,0.0,2025-01-25 01:36:22.502000+09:00
2025-01-24 16:36:22.802000+00:00,21876.7,21878.5,0.0,0,1737743782802,1030,0.0,2025-01-25 01:36:22.802000+09:00
2025-01-24 16:36:22.902000+00:00,21876.3,21878.1,0.0,0,1737743782902,1030,0.0,2025-01-25 01:36:22.902000+09:00
2025-01-24 16:36:23.103000+00:00,21876.4,21878.2,0.0,0,1737743783103,1030,0.0,2025-01-25 01:36:23.103000+09:00
2025-01-24 16:36:23.302000+00:00,21876.5,21878.3,0.0,0,1737743783302,1030,0.0,2025-01-25 01:36:23.302000+09:00
2025-01-24 16:36:23.503000+00:00,21876.7,21878.5,0.0,0,1737743783503,1030,0.0,2025-01-25 01:36:23.503000+09:00
2025-01-24 16:36:24.204000+00:00,21876.5,21878.3,0.0,0,1737743784204,1030,0.0,2025-01-25 01:36:24.204000+09:00
2025-01-24 16:36:24.404000+00:00,21876.4,21878.2,0.0,0,1737743784404,1030,0.0,2025-01-25 01:36:24.404000+09:00
2025-01-24 16:36:24.504000+00:00,21876.8,21878.6,0.0,0,1737743784504,1030,0.0,2025-01-25 01:36:24.504000+09:00
2025-01-24 16:36:24.604000+00:00,21876.7,21878.5,0.0,0,1737743784604,1030,0.0,2025-01-25 01:36:24.604000+09:00
2025-01-24 16:36:24.703000+00:00,21876.8,21878.6,0.0,0,1737743784703,1030,0.0,2025-01-25 01:36:24.703000+09:00
2025-01-24 16:36:24.904000+00:00,21876.5,21878.3,0.0,0,1737743784904,1030,0.0,2025-01-25 01:36:24.904000+09:00
2025-01-24 16:36:25.003000+00:00,21876.7,21878.5,0.0,0,1737743785003,1030,0.0,2025-01-25 01:36:25.003000+09:00
2025-01-24 16:36:25.204000+00:00,21876.8,21878.6,0.0,0,1737743785204,1030,0.0,2025-01-25 01:36:25.204000+09:00
2025-01-24 16:36:25.303000+00:00,21876.7,21878.5,0.0,0,1737743785303,1030,0.0,2025-01-25 01:36:25.303000+09:00
2025-01-24 16:36:25.503000+00:00,21876.8,21878.6,0.0,0,1737743785503,1030,0.0,2025-01-25 01:36:25.503000+09:00
2025-01-24 16:36:25.805000+00:00,21876.5,21878.3,0.0,0,1737743785805,1030,0.0,2025-01-25 01:36:25.805000+09:00
2025-01-24 16:36:26.106000+00:00,21876.7,21878.5,0.0,0,1737743786106,1030,0.0,2025-01-25 01:36:26.106000+09:00
2025-01-24 16:36:26.206000+00:00,21876.8,21878.6,0.0,0,1737743786206,1030,0.0,2025-01-25 01:36:26.206000+09:00
2025-01-24 16:36:26.306000+00:00,21877.0,21878.8,0.0,0,1737743786306,1030,0.0,2025-01-25 01:36:26.306000+09:00
2025-01-24 16:36:26.506000+00:00,21876.7,21878.5,0.0,0,1737743786506,1030,0.0,2025-01-25 01:36:26.506000+09:00
2025-01-24 16:36:27.106000+00:00,21876.9,21878.7,0.0,0,1737743787106,1030,0.0,2025-01-25 01:36:27.106000+09:00
2025-01-24 16:36:27.306000+00:00,21877.0,21878.8,0.0,0,1737743787306,1030,0.0,2025-01-25 01:36:27.306000+09:00
2025-01-24 16:36:27.406000+00:00,21876.5,21878.3,0.0,0,1737743787406,1030,0.0,2025-01-25 01:36:27.406000+09:00
2025-01-24 16:36:27.707000+00:00,21876.9,21878.7,0.0,0,1737743787707,1030,0.0,2025-01-25 01:36:27.707000+09:00
2025-01-24 16:36:27.807000+00:00,21877.0,21878.8,0.0,0,1737743787807,1030,0.0,2025-01-25 01:36:27.807000+09:00
2025-01-24 16:36:28.207000+00:00,21877.2,21879.0,0.0,0,1737743788207,1030,0.0,2025-01-25 01:36:28.207000+09:00
2025-01-24 16:36:28.407000+00:00,21877.0,21878.8,0.0,0,1737743788407,1030,0.0,2025-01-25 01:36:28.407000+09:00
2025-01-24 16:36:28.508000+00:00,21877.2,21879.0,0.0,0,1737743788508,1030,0.0,2025-01-25 01:36:28.508000+09:00
2025-01-24 16:36:29.108000+00:00,21877.4,21879.2,0.0,0,1737743789108,1030,0.0,2025-01-25 01:36:29.108000+09:00
2025-01-24 16:36:29.308000+00:00,21877.5,21879.3,0.0,0,1737743789308,1030,0.0,2025-01-25 01:36:29.308000+09:00
2025-01-24 16:36:29.407000+00:00,21877.7,21879.5,0.0,0,1737743789407,1030,0.0,2025-01-25 01:36:29.407000+09:00
2025-01-24 16:36:29.707000+00:00,21877.5,21879.3,0.0,0,1737743789707,1030,0.0,2025-01-25 01:36:29.707000+09:00
2025-01-24 16:36:30.108000+00:00,21877.7,21879.5,0.0,0,1737743790108,1030,0.0,2025-01-25 01:36:30.108000+09:00
2025-01-24 16:36:30.208000+00:00,21877.5,21879.3,0.0,0,1737743790208,1030,0.0,2025-01-25 01:36:30.208000+09:00
2025-01-24 16:36:30.807000+00:00,21877.8,21879.6,0.0,0,1737743790807,1030,0.0,2025-01-25 01:36:30.807000+09:00
2025-01-24 16:36:31.208000+00:00,21877.9,21879.7,0.0,0,1737743791208,1030,0.0,2025-01-25 01:36:31.208000+09:00
2025-01-24 16:36:31.311000+00:00,21877.8,21879.6,0.0,0,1737743791311,1030,0.0,2025-01-25 01:36:31.311000+09:00
2025-01-24 16:36:31.511000+00:00,21877.9,21879.7,0.0,0,1737743791511,1030,0.0,2025-01-25 01:36:31.511000+09:00
2025-01-24 16:36:31.608000+00:00,21878.3,21880.1,0.0,0,1737743791608,1030,0.0,2025-01-25 01:36:31.608000+09:00
2025-01-24 16:36:31.710000+00:00,21878.5,21880.3,0.0,0,1737743791710,1030,0.0,2025-01-25 01:36:31.710000+09:00
2025-01-24 16:36:32.010000+00:00,21878.8,21880.6,0.0,0,1737743792010,1030,0.0,2025-01-25 01:36:32.010000+09:00
2025-01-24 16:36:32.409000+00:00,21878.5,21880.3,0.0,0,1737743792409,1030,0.0,2025-01-25 01:36:32.409000+09:00
2025-01-24 16:36:32.511000+00:00,21878.4,21880.2,0.0,0,1737743792511,1030,0.0,2025-01-25 01:36:32.511000+09:00
2025-01-24 16:36:32.709000+00:00,21878.7,21880.5,0.0,0,1737743792709,1030,0.0,2025-01-25 01:36:32.709000+09:00
2025-01-24 16:36:32.810000+00:00,21878.5,21880.3,0.0,0,1737743792810,1030,0.0,2025-01-25 01:36:32.810000+09:00
2025-01-24 16:36:32.910000+00:00,21878.8,21880.6,0.0,0,1737743792910,1030,0.0,2025-01-25 01:36:32.910000+09:00
2025-01-24 16:36:33.011000+00:00,21878.9,21880.7,0.0,0,1737743793011,1030,0.0,2025-01-25 01:36:33.011000+09:00
2025-01-24 16:36:33.111000+00:00,21878.4,21880.2,0.0,0,1737743793111,1030,0.0,2025-01-25 01:36:33.111000+09:00
2025-01-24 16:36:33.311000+00:00,21878.8,21880.6,0.0,0,1737743793311,1030,0.0,2025-01-25 01:36:33.311000+09:00
2025-01-24 16:36:33.412000+00:00,21878.5,21880.3,0.0,0,1737743793412,1030,0.0,2025-01-25 01:36:33.412000+09:00
2025-01-24 16:36:33.512000+00:00,21878.7,21880.5,0.0,0,1737743793512,1030,0.0,2025-01-25 01:36:33.512000+09:00
2025-01-24 16:36:33.812000+00:00,21878.8,21880.6,0.0,0,1737743793812,1030,0.0,2025-01-25 01:36:33.812000+09:00
2025-01-24 16:36:34.214000+00:00,21878.9,21880.7,0.0,0,1737743794214,1030,0.0,2025-01-25 01:36:34.214000+09:00
2025-01-24 16:36:34.314000+00:00,21878.7,21880.5,0.0,0,1737743794314,1030,0.0,2025-01-25 01:36:34.314000+09:00
2025-01-24 16:36:34.414000+00:00,21878.9,21880.7,0.0,0,1737743794414,1030,0.0,2025-01-25 01:36:34.414000+09:00
2025-01-24 16:36:34.914000+00:00,21878.8,21880.6,0.0,0,1737743794914,1030,0.0,2025-01-25 01:36:34.914000+09:00
2025-01-24 16:36:35.015000+00:00,21878.3,21880.1,0.0,0,1737743795015,1030,0.0,2025-01-25 01:36:35.015000+09:00
2025-01-24 16:36:35.115000+00:00,21878.4,21880.2,0.0,0,1737743795115,1030,0.0,2025-01-25 01:36:35.115000+09:00
2025-01-24 16:36:35.515000+00:00,21878.2,21880.0,0.0,0,1737743795515,1030,0.0,2025-01-25 01:36:35.515000+09:00
2025-01-24 16:36:35.615000+00:00,21878.4,21880.2,0.0,0,1737743795615,1030,0.0,2025-01-25 01:36:35.615000+09:00
2025-01-24 16:36:35.814000+00:00,21878.5,21880.3,0.0,0,1737743795814,1030,0.0,2025-01-25 01:36:35.814000+09:00
2025-01-24 16:36:35.915000+00:00,21878.7,21880.5,0.0,0,1737743795915,1030,0.0,2025-01-25 01:36:35.915000+09:00
2025-01-24 16:36:36.116000+00:00,21878.8,21880.6,0.0,0,1737743796116,1030,0.0,2025-01-25 01:36:36.116000+09:00
2025-01-24 16:36:36.614000+00:00,21878.7,21880.5,0.0,0,1737743796614,1030,0.0,2025-01-25 01:36:36.614000+09:00
2025-01-24 16:36:36.815000+00:00,21878.9,21880.7,0.0,0,1737743796815,1030,0.0,2025-01-25 01:36:36.815000+09:00
2025-01-24 16:36:36.915000+00:00,21879.0,21880.8,0.0,0,1737743796915,1030,0.0,2025-01-25 01:36:36.915000+09:00
2025-01-24 16:36:37.015000+00:00,21879.7,21881.5,0.0,0,1737743797015,1030,0.0,2025-01-25 01:36:37.015000+09:00
2025-01-24 16:36:37.115000+00:00,21880.0,21881.8,0.0,0,1737743797115,1030,0.0,2025-01-25 01:36:37.115000+09:00
2025-01-24 16:36:37.216000+00:00,21879.5,21881.3,0.0,0,1737743797216,1030,0.0,2025-01-25 01:36:37.216000+09:00
2025-01-24 16:36:37.315000+00:00,21879.4,21881.2,0.0,0,1737743797315,1030,0.0,2025-01-25 01:36:37.315000+09:00
2025-01-24 16:36:37.416000+00:00,21879.5,21881.3,0.0,0,1737743797416,1030,0.0,2025-01-25 01:36:37.416000+09:00
2025-01-24 16:36:37.616000+00:00,21879.4,21881.2,0.0,0,1737743797616,1030,0.0,2025-01-25 01:36:37.616000+09:00
2025-01-24 16:36:37.716000+00:00,21879.5,21881.3,0.0,0,1737743797716,1030,0.0,2025-01-25 01:36:37.716000+09:00
2025-01-24 16:36:37.916000+00:00,21879.8,21881.6,0.0,0,1737743797916,1030,0.0,2025-01-25 01:36:37.916000+09:00
2025-01-24 16:36:38.016000+00:00,21879.7,21881.5,0.0,0,1737743798016,1030,0.0,2025-01-25 01:36:38.016000+09:00
2025-01-24 16:36:38.116000+00:00,21879.5,21881.3,0.0,0,1737743798116,1030,0.0,2025-01-25 01:36:38.116000+09:00
2025-01-24 16:36:38.416000+00:00,21879.4,21881.2,0.0,0,1737743798416,1030,0.0,2025-01-25 01:36:38.416000+09:00
2025-01-24 16:36:38.614000+00:00,21879.5,21881.3,0.0,0,1737743798614,1030,0.0,2025-01-25 01:36:38.614000+09:00
2025-01-24 16:36:39.015000+00:00,21879.8,21881.6,0.0,0,1737743799015,1030,0.0,2025-01-25 01:36:39.015000+09:00
2025-01-24 16:36:39.214000+00:00,21879.5,21881.3,0.0,0,1737743799214,1030,0.0,2025-01-25 01:36:39.214000+09:00
2025-01-24 16:36:39.414000+00:00,21879.4,21881.2,0.0,0,1737743799414,1030,0.0,2025-01-25 01:36:39.414000+09:00
2025-01-24 16:36:39.515000+00:00,21879.5,21881.3,0.0,0,1737743799515,1030,0.0,2025-01-25 01:36:39.515000+09:00
2025-01-24 16:36:39.615000+00:00,21879.7,21881.5,0.0,0,1737743799615,1030,0.0,2025-01-25 01:36:39.615000+09:00
2025-01-24 16:36:39.716000+00:00,21879.4,21881.2,0.0,0,1737743799716,1030,0.0,2025-01-25 01:36:39.716000+09:00
2025-01-24 16:36:39.816000+00:00,21879.3,21881.1,0.0,0,1737743799816,1030,0.0,2025-01-25 01:36:39.816000+09:00
2025-01-24 16:36:39.916000+00:00,21879.4,21881.2,0.0,0,1737743799916,1030,0.0,2025-01-25 01:36:39.916000+09:00
2025-01-24 16:36:40.118000+00:00,21879.7,21881.5,0.0,0,1737743800118,1030,0.0,2025-01-25 01:36:40.118000+09:00
2025-01-24 16:36:40.217000+00:00,21879.4,21881.2,0.0,0,1737743800217,1030,0.0,2025-01-25 01:36:40.217000+09:00
2025-01-24 16:36:40.417000+00:00,21879.7,21881.5,0.0,0,1737743800417,1030,0.0,2025-01-25 01:36:40.417000+09:00
2025-01-24 16:36:40.516000+00:00,21879.5,21881.3,0.0,0,1737743800516,1030,0.0,2025-01-25 01:36:40.516000+09:00
2025-01-24 16:36:40.617000+00:00,21879.4,21881.2,0.0,0,1737743800617,1030,0.0,2025-01-25 01:36:40.617000+09:00
2025-01-24 16:36:40.718000+00:00,21879.5,21881.3,0.0,0,1737743800718,1030,0.0,2025-01-25 01:36:40.718000+09:00
2025-01-24 16:36:40.818000+00:00,21879.4,21881.2,0.0,0,1737743800818,1030,0.0,2025-01-25 01:36:40.818000+09:00
2025-01-24 16:36:41.117000+00:00,21879.7,21881.5,0.0,0,1737743801117,1030,0.0,2025-01-25 01:36:41.117000+09:00
2025-01-24 16:36:41.218000+00:00,21879.5,21881.3,0.0,0,1737743801218,1030,0.0,2025-01-25 01:36:41.218000+09:00
2025-01-24 16:36:41.417000+00:00,21879.4,21881.2,0.0,0,1737743801417,1030,0.0,2025-01-25 01:36:41.417000+09:00
2025-01-24 16:36:41.517000+00:00,21879.3,21881.1,0.0,0,1737743801517,1030,0.0,2025-01-25 01:36:41.517000+09:00
2025-01-24 16:36:41.619000+00:00,21879.7,21881.5,0.0,0,1737743801619,1030,0.0,2025-01-25 01:36:41.619000+09:00
2025-01-24 16:36:41.718000+00:00,21879.4,21881.2,0.0,0,1737743801718,1030,0.0,2025-01-25 01:36:41.718000+09:00
2025-01-24 16:36:41.818000+00:00,21879.3,21881.1,0.0,0,1737743801818,1030,0.0,2025-01-25 01:36:41.818000+09:00
2025-01-24 16:36:41.919000+00:00,21879.4,21881.2,0.0,0,1737743801919,1030,0.0,2025-01-25 01:36:41.919000+09:00
2025-01-24 16:36:42.019000+00:00,21879.3,21881.1,0.0,0,1737743802019,1030,0.0,2025-01-25 01:36:42.019000+09:00
2025-01-24 16:36:42.118000+00:00,21879.5,21881.3,0.0,0,1737743802118,1030,0.0,2025-01-25 01:36:42.118000+09:00
2025-01-24 16:36:42.318000+00:00,21879.2,21881.0,0.0,0,1737743802318,1030,0.0,2025-01-25 01:36:42.318000+09:00
2025-01-24 16:36:42.419000+00:00,21879.4,21881.2,0.0,0,1737743802419,1030,0.0,2025-01-25 01:36:42.419000+09:00
2025-01-24 16:36:42.719000+00:00,21879.5,21881.3,0.0,0,1737743802719,1030,0.0,2025-01-25 01:36:42.719000+09:00
2025-01-24 16:36:42.920000+00:00,21879.7,21881.5,0.0,0,1737743802920,1030,0.0,2025-01-25 01:36:42.920000+09:00
2025-01-24 16:36:43.022000+00:00,21879.4,21881.2,0.0,0,1737743803022,1030,0.0,2025-01-25 01:36:43.022000+09:00
2025-01-24 16:36:43.120000+00:00,21879.5,21881.3,0.0,0,1737743803120,1030,0.0,2025-01-25 01:36:43.120000+09:00
2025-01-24 16:36:43.221000+00:00,21879.7,21881.5,0.0,0,1737743803221,1030,0.0,2025-01-25 01:36:43.221000+09:00
2025-01-24 16:36:43.620000+00:00,21879.8,21881.6,0.0,0,1737743803620,1030,0.0,2025-01-25 01:36:43.620000+09:00
2025-01-24 16:36:43.921000+00:00,21879.7,21881.5,0.0,0,1737743803921,1030,0.0,2025-01-25 01:36:43.921000+09:00
2025-01-24 16:36:44.022000+00:00,21879.9,21881.7,0.0,0,1737743804022,1030,0.0,2025-01-25 01:36:44.022000+09:00
2025-01-24 16:36:44.123000+00:00,21880.0,21881.8,0.0,0,1737743804123,1030,0.0,2025-01-25 01:36:44.123000+09:00
2025-01-24 16:36:44.523000+00:00,21880.4,21882.2,0.0,0,1737743804523,1030,0.0,2025-01-25 01:36:44.523000+09:00
2025-01-24 16:36:44.723000+00:00,21880.5,21882.3,0.0,0,1737743804723,1030,0.0,2025-01-25 01:36:44.723000+09:00
2025-01-24 16:36:45.121000+00:00,21880.7,21882.5,0.0,0,1737743805121,1030,0.0,2025-01-25 01:36:45.121000+09:00
2025-01-24 16:36:45.423000+00:00,21880.5,21882.3,0.0,0,1737743805423,1030,0.0,2025-01-25 01:36:45.423000+09:00
2025-01-24 16:36:45.722000+00:00,21880.8,21882.6,0.0,0,1737743805722,1030,0.0,2025-01-25 01:36:45.722000+09:00
2025-01-24 16:36:46.023000+00:00,21880.9,21882.7,0.0,0,1737743806023,1030,0.0,2025-01-25 01:36:46.023000+09:00
2025-01-24 16:36:46.123000+00:00,21880.8,21882.6,0.0,0,1737743806123,1030,0.0,2025-01-25 01:36:46.123000+09:00
2025-01-24 16:36:46.424000+00:00,21881.0,21882.8,0.0,0,1737743806424,1030,0.0,2025-01-25 01:36:46.424000+09:00
2025-01-24 16:36:46.623000+00:00,21880.8,21882.6,0.0,0,1737743806623,1030,0.0,2025-01-25 01:36:46.623000+09:00
2025-01-24 16:36:46.724000+00:00,21880.7,21882.5,0.0,0,1737743806724,1030,0.0,2025-01-25 01:36:46.724000+09:00
2025-01-24 16:36:46.824000+00:00,21880.8,21882.6,0.0,0,1737743806824,1030,0.0,2025-01-25 01:36:46.824000+09:00
2025-01-24 16:36:46.923000+00:00,21880.9,21882.7,0.0,0,1737743806923,1030,0.0,2025-01-25 01:36:46.923000+09:00
2025-01-24 16:36:47.024000+00:00,21880.8,21882.6,0.0,0,1737743807024,1030,0.0,2025-01-25 01:36:47.024000+09:00
2025-01-24 16:36:47.224000+00:00,21881.0,21882.8,0.0,0,1737743807224,1030,0.0,2025-01-25 01:36:47.224000+09:00
2025-01-24 16:36:47.625000+00:00,21881.3,21883.1,0.0,0,1737743807625,1030,0.0,2025-01-25 01:36:47.625000+09:00
2025-01-24 16:36:48.027000+00:00,21881.2,21883.0,0.0,0,1737743808027,1030,0.0,2025-01-25 01:36:48.027000+09:00
2025-01-24 16:36:48.228000+00:00,21880.9,21882.7,0.0,0,1737743808228,1030,0.0,2025-01-25 01:36:48.228000+09:00
2025-01-24 16:36:48.427000+00:00,21880.5,21882.3,0.0,0,1737743808427,1030,0.0,2025-01-25 01:36:48.427000+09:00
2025-01-24 16:36:48.527000+00:00,21881.3,21883.1,0.0,0,1737743808527,1030,0.0,2025-01-25 01:36:48.527000+09:00
2025-01-24 16:36:48.627000+00:00,21881.0,21882.8,0.0,0,1737743808627,1030,0.0,2025-01-25 01:36:48.627000+09:00
2025-01-24 16:36:48.728000+00:00,21881.3,21883.1,0.0,0,1737743808728,1030,0.0,2025-01-25 01:36:48.728000+09:00
2025-01-24 16:36:48.828000+00:00,21881.4,21883.2,0.0,0,1737743808828,1030,0.0,2025-01-25 01:36:48.828000+09:00
2025-01-24 16:36:48.929000+00:00,21881.3,21883.1,0.0,0,1737743808929,1030,0.0,2025-01-25 01:36:48.929000+09:00
2025-01-24 16:36:49.029000+00:00,21881.2,21883.0,0.0,0,1737743809029,1030,0.0,2025-01-25 01:36:49.029000+09:00
2025-01-24 16:36:49.229000+00:00,21881.4,21883.2,0.0,0,1737743809229,1030,0.0,2025-01-25 01:36:49.229000+09:00
2025-01-24 16:36:49.529000+00:00,21881.8,21883.6,0.0,0,1737743809529,1030,0.0,2025-01-25 01:36:49.529000+09:00
2025-01-24 16:36:49.829000+00:00,21881.7,21883.5,0.0,0,1737743809829,1030,0.0,2025-01-25 01:36:49.829000+09:00
2025-01-24 16:36:49.932000+00:00,21881.5,21883.3,0.0,0,1737743809932,1030,0.0,2025-01-25 01:36:49.932000+09:00
2025-01-24 16:36:50.033000+00:00,21881.7,21883.5,0.0,0,1737743810033,1030,0.0,2025-01-25 01:36:50.033000+09:00
2025-01-24 16:36:50.133000+00:00,21881.5,21883.3,0.0,0,1737743810133,1030,0.0,2025-01-25 01:36:50.133000+09:00
2025-01-24 16:36:50.231000+00:00,21881.2,21883.0,0.0,0,1737743810231,1030,0.0,2025-01-25 01:36:50.231000+09:00
2025-01-24 16:36:50.832000+00:00,21881.3,21883.1,0.0,0,1737743810832,1030,0.0,2025-01-25 01:36:50.832000+09:00
2025-01-24 16:36:50.935000+00:00,21881.4,21883.2,0.0,0,1737743810935,1030,0.0,2025-01-25 01:36:50.935000+09:00
2025-01-24 16:36:51.135000+00:00,21881.7,21883.5,0.0,0,1737743811135,1030,0.0,2025-01-25 01:36:51.135000+09:00
2025-01-24 16:36:51.334000+00:00,21881.8,21883.6,0.0,0,1737743811334,1030,0.0,2025-01-25 01:36:51.334000+09:00
2025-01-24 16:36:51.433000+00:00,21881.7,21883.5,0.0,0,1737743811433,1030,0.0,2025-01-25 01:36:51.433000+09:00
2025-01-24 16:36:51.533000+00:00,21881.8,21883.6,0.0,0,1737743811533,1030,0.0,2025-01-25 01:36:51.533000+09:00
2025-01-24 16:36:51.633000+00:00,21881.7,21883.5,0.0,0,1737743811633,1030,0.0,2025-01-25 01:36:51.633000+09:00
2025-01-24 16:36:52.034000+00:00,21881.5,21883.3,0.0,0,1737743812034,1030,0.0,2025-01-25 01:36:52.034000+09:00
2025-01-24 16:36:52.134000+00:00,21881.8,21883.6,0.0,0,1737743812134,1030,0.0,2025-01-25 01:36:52.134000+09:00
2025-01-24 16:36:52.536000+00:00,21881.9,21883.7,0.0,0,1737743812536,1030,0.0,2025-01-25 01:36:52.536000+09:00
2025-01-24 16:36:52.936000+00:00,21881.8,21883.6,0.0,0,1737743812936,1030,0.0,2025-01-25 01:36:52.936000+09:00
2025-01-24 16:36:53.137000+00:00,21881.5,21883.3,0.0,0,1737743813137,1030,0.0,2025-01-25 01:36:53.137000+09:00
2025-01-24 16:36:53.337000+00:00,21881.4,21883.2,0.0,0,1737743813337,1030,0.0,2025-01-25 01:36:53.337000+09:00
2025-01-24 16:36:53.538000+00:00,21881.2,21883.0,0.0,0,1737743813538,1030,0.0,2025-01-25 01:36:53.538000+09:00
2025-01-24 16:36:53.637000+00:00,21881.7,21883.5,0.0,0,1737743813637,1030,0.0,2025-01-25 01:36:53.637000+09:00
2025-01-24 16:36:53.837000+00:00,21881.3,21883.1,0.0,0,1737743813837,1030,0.0,2025-01-25 01:36:53.837000+09:00
2025-01-24 16:36:53.939000+00:00,21881.4,21883.2,0.0,0,1737743813939,1030,0.0,2025-01-25 01:36:53.939000+09:00
2025-01-24 16:36:54.138000+00:00,21881.9,21883.7,0.0,0,1737743814138,1030,0.0,2025-01-25 01:36:54.138000+09:00
2025-01-24 16:36:54.338000+00:00,21881.7,21883.5,0.0,0,1737743814338,1030,0.0,2025-01-25 01:36:54.338000+09:00
2025-01-24 16:36:54.738000+00:00,21881.8,21883.6,0.0,0,1737743814738,1030,0.0,2025-01-25 01:36:54.738000+09:00
2025-01-24 16:36:54.838000+00:00,21881.7,21883.5,0.0,0,1737743814838,1030,0.0,2025-01-25 01:36:54.838000+09:00
2025-01-24 16:36:54.939000+00:00,21882.0,21883.8,0.0,0,1737743814939,1030,0.0,2025-01-25 01:36:54.939000+09:00
2025-01-24 16:36:55.139000+00:00,21882.3,21884.1,0.0,0,1737743815139,1030,0.0,2025-01-25 01:36:55.139000+09:00
2025-01-24 16:36:55.338000+00:00,21882.4,21884.2,0.0,0,1737743815338,1030,0.0,2025-01-25 01:36:55.338000+09:00
2025-01-24 16:36:55.538000+00:00,21882.2,21884.0,0.0,0,1737743815538,1030,0.0,2025-01-25 01:36:55.538000+09:00
2025-01-24 16:36:55.838000+00:00,21881.9,21883.7,0.0,0,1737743815838,1030,0.0,2025-01-25 01:36:55.838000+09:00
2025-01-24 16:36:55.939000+00:00,21882.2,21884.0,0.0,0,1737743815939,1030,0.0,2025-01-25 01:36:55.939000+09:00
2025-01-24 16:36:56.137000+00:00,21882.0,21883.8,0.0,0,1737743816137,1030,0.0,2025-01-25 01:36:56.137000+09:00
